%YAML 1.1
%TAG !u! tag:unity3d.com,2011:
--- !u!29 &1
OcclusionCullingSettings:
  m_ObjectHideFlags: 0
  serializedVersion: 2
  m_OcclusionBakeSettings:
    smallestOccluder: 5
    smallestHole: 0.25
    backfaceThreshold: 100
  m_SceneGUID: 00000000000000000000000000000000
  m_OcclusionCullingData: {fileID: 0}
--- !u!104 &2
RenderSettings:
  m_ObjectHideFlags: 0
  serializedVersion: 8
  m_Fog: 0
  m_FogColor: {r: 0.5, g: 0.5, b: 0.5, a: 1}
  m_FogMode: 3
  m_FogDensity: 0.01
  m_LinearFogStart: 0
  m_LinearFogEnd: 300
  m_AmbientSkyColor: {r: 0.212, g: 0.227, b: 0.259, a: 1}
  m_AmbientEquatorColor: {r: 0.114, g: 0.125, b: 0.133, a: 1}
  m_AmbientGroundColor: {r: 0.047, g: 0.043, b: 0.035, a: 1}
  m_AmbientIntensity: 1
  m_AmbientMode: 0
  m_SubtractiveShadowColor: {r: 0.42, g: 0.478, b: 0.627, a: 1}
  m_SkyboxMaterial: {fileID: 2100000, guid: 95ebf50189f880e4aa17c4fdba9007aa, type: 2}
  m_HaloStrength: 0.5
  m_FlareStrength: 1
  m_FlareFadeSpeed: 3
  m_HaloTexture: {fileID: 0}
  m_SpotCookie: {fileID: 10001, guid: 0000000000000000e000000000000000, type: 0}
  m_DefaultReflectionMode: 0
  m_DefaultReflectionResolution: 128
  m_ReflectionBounces: 2
  m_ReflectionIntensity: 1
  m_CustomReflection: {fileID: 0}
  m_Sun: {fileID: 1630605514}
  m_IndirectSpecularColor: {r: 0, g: 0, b: 0, a: 1}
--- !u!157 &3
LightmapSettings:
  m_ObjectHideFlags: 0
  serializedVersion: 11
  m_GIWorkflowMode: 1
  m_GISettings:
    serializedVersion: 2
    m_BounceScale: 1
    m_IndirectOutputScale: 1
    m_AlbedoBoost: 1
    m_TemporalCoherenceThreshold: 1
    m_EnvironmentLightingMode: 1
    m_EnableBakedLightmaps: 1
    m_EnableRealtimeLightmaps: 1
  m_LightmapEditorSettings:
    serializedVersion: 9
    m_Resolution: 2
    m_BakeResolution: 100
    m_TextureWidth: 1024
    m_TextureHeight: 1024
    m_AO: 1
    m_AOMaxDistance: 1
    m_CompAOExponent: 1
    m_CompAOExponentDirect: 0
    m_Padding: 2
    m_LightmapParameters: {fileID: 0}
    m_LightmapsBakeMode: 1
    m_TextureCompression: 1
    m_FinalGather: 0
    m_FinalGatherFiltering: 1
    m_FinalGatherRayCount: 256
    m_ReflectionCompression: 2
    m_MixedBakeMode: 1
    m_BakeBackend: 0
    m_PVRSampling: 1
    m_PVRDirectSampleCount: 32
    m_PVRSampleCount: 500
    m_PVRBounces: 2
    m_PVRFiltering: 0
    m_PVRFilteringMode: 1
    m_PVRCulling: 1
    m_PVRFilteringGaussRadiusDirect: 1
    m_PVRFilteringGaussRadiusIndirect: 5
    m_PVRFilteringGaussRadiusAO: 2
    m_PVRFilteringAtrousColorSigma: 1
    m_PVRFilteringAtrousNormalSigma: 1
    m_PVRFilteringAtrousPositionSigma: 1
  m_LightingDataAsset: {fileID: 112000331, guid: 4a847a70f2cb3554082378ee2146e7a3,
    type: 2}
  m_UseShadowmask: 0
--- !u!196 &4
NavMeshSettings:
  serializedVersion: 2
  m_ObjectHideFlags: 0
  m_BuildSettings:
    serializedVersion: 2
    agentTypeID: 0
    agentRadius: 0.5
    agentHeight: 2
    agentSlope: 45
    agentClimb: 0.4
    ledgeDropHeight: 0
    maxJumpAcrossDistance: 0
    minRegionArea: 2
    manualCellSize: 0
    cellSize: 0.16666667
    manualTileSize: 0
    tileSize: 256
    accuratePlacement: 0
  m_NavMeshData: {fileID: 0}
--- !u!1 &59968632
GameObject:
  m_ObjectHideFlags: 0
  m_PrefabParentObject: {fileID: 0}
  m_PrefabInternal: {fileID: 0}
  serializedVersion: 5
  m_Component:
  - component: {fileID: 59968633}
  m_Layer: 0
  m_Name: StartingPosition1 (9)
  m_TagString: Untagged
  m_Icon: {fileID: 0}
  m_NavMeshLayer: 0
  m_StaticEditorFlags: 0
  m_IsActive: 1
--- !u!4 &59968633
Transform:
  m_ObjectHideFlags: 0
  m_PrefabParentObject: {fileID: 0}
  m_PrefabInternal: {fileID: 0}
  m_GameObject: {fileID: 59968632}
  m_LocalRotation: {x: -0, y: 0.7071068, z: -0, w: 0.7071068}
  m_LocalPosition: {x: -9.77, y: 3.55, z: 1.8499999}
  m_LocalScale: {x: 1.0000005, y: 1, z: 1.0000005}
  m_Children: []
  m_Father: {fileID: 2034005798}
  m_RootOrder: 11
  m_LocalEulerAnglesHint: {x: 0, y: 90, z: 0}
--- !u!1 &92281634
GameObject:
  m_ObjectHideFlags: 0
  m_PrefabParentObject: {fileID: 0}
  m_PrefabInternal: {fileID: 0}
  serializedVersion: 5
  m_Component:
  - component: {fileID: 92281635}
  m_Layer: 0
  m_Name: StartingPosition1
  m_TagString: Untagged
  m_Icon: {fileID: 0}
  m_NavMeshLayer: 0
  m_StaticEditorFlags: 0
  m_IsActive: 1
--- !u!4 &92281635
Transform:
  m_ObjectHideFlags: 0
  m_PrefabParentObject: {fileID: 0}
  m_PrefabInternal: {fileID: 0}
  m_GameObject: {fileID: 92281634}
  m_LocalRotation: {x: -0, y: 0.7071068, z: -0, w: 0.7071068}
  m_LocalPosition: {x: -9.77, y: 1.79, z: 1.85}
  m_LocalScale: {x: 1.0000005, y: 1, z: 1.0000005}
  m_Children: []
  m_Father: {fileID: 2034005798}
  m_RootOrder: 2
  m_LocalEulerAnglesHint: {x: 0, y: 90, z: 0}
--- !u!1 &123441892 stripped
GameObject:
  m_PrefabParentObject: {fileID: 1342143048546540, guid: b8d27214f7d061f48a28d892852364b5,
    type: 2}
  m_PrefabInternal: {fileID: 2069293559}
--- !u!1 &244583456 stripped
GameObject:
  m_PrefabParentObject: {fileID: 1614334904489702, guid: b8d27214f7d061f48a28d892852364b5,
    type: 2}
  m_PrefabInternal: {fileID: 2069293559}
--- !u!1 &274487211 stripped
GameObject:
  m_PrefabParentObject: {fileID: 1302893826929854, guid: b8d27214f7d061f48a28d892852364b5,
    type: 2}
  m_PrefabInternal: {fileID: 2069293559}
--- !u!64 &274487212
MeshCollider:
  m_ObjectHideFlags: 0
  m_PrefabParentObject: {fileID: 0}
  m_PrefabInternal: {fileID: 0}
  m_GameObject: {fileID: 274487211}
  m_Material: {fileID: 0}
  m_IsTrigger: 0
  m_Enabled: 1
  serializedVersion: 2
  m_Convex: 0
  m_InflateMesh: 0
  m_SkinWidth: 0.01
  m_Mesh: {fileID: 0}
--- !u!212 &299584290 stripped
SpriteRenderer:
  m_PrefabParentObject: {fileID: 212396034661783196, guid: 4790fea8d0edb354297f305396bf95cb,
    type: 2}
  m_PrefabInternal: {fileID: 1091873825}
--- !u!1001 &316452960
Prefab:
  m_ObjectHideFlags: 0
  serializedVersion: 2
  m_Modification:
    m_TransformParent: {fileID: 0}
    m_Modifications:
    - target: {fileID: 4142854332360004, guid: 4790fea8d0edb354297f305396bf95cb, type: 2}
      propertyPath: m_LocalPosition.x
      value: -4.0809116
      objectReference: {fileID: 0}
    - target: {fileID: 4142854332360004, guid: 4790fea8d0edb354297f305396bf95cb, type: 2}
      propertyPath: m_LocalPosition.y
      value: 0.832931
      objectReference: {fileID: 0}
    - target: {fileID: 4142854332360004, guid: 4790fea8d0edb354297f305396bf95cb, type: 2}
      propertyPath: m_LocalPosition.z
      value: 0.756064
      objectReference: {fileID: 0}
    - target: {fileID: 4142854332360004, guid: 4790fea8d0edb354297f305396bf95cb, type: 2}
      propertyPath: m_LocalRotation.x
      value: 0.020573137
      objectReference: {fileID: 0}
    - target: {fileID: 4142854332360004, guid: 4790fea8d0edb354297f305396bf95cb, type: 2}
      propertyPath: m_LocalRotation.y
      value: -0.15026484
      objectReference: {fileID: 0}
    - target: {fileID: 4142854332360004, guid: 4790fea8d0edb354297f305396bf95cb, type: 2}
      propertyPath: m_LocalRotation.z
      value: 0.08461514
      objectReference: {fileID: 0}
    - target: {fileID: 4142854332360004, guid: 4790fea8d0edb354297f305396bf95cb, type: 2}
      propertyPath: m_LocalRotation.w
      value: 0.9848034
      objectReference: {fileID: 0}
    - target: {fileID: 4142854332360004, guid: 4790fea8d0edb354297f305396bf95cb, type: 2}
      propertyPath: m_RootOrder
      value: 9
      objectReference: {fileID: 0}
    - target: {fileID: 1724688882592612, guid: 4790fea8d0edb354297f305396bf95cb, type: 2}
      propertyPath: m_Name
      value: WPM Counter Screen
      objectReference: {fileID: 0}
    - target: {fileID: 4142854332360004, guid: 4790fea8d0edb354297f305396bf95cb, type: 2}
      propertyPath: m_LocalEulerAnglesHint.y
      value: -17.045
      objectReference: {fileID: 0}
    - target: {fileID: 4142854332360004, guid: 4790fea8d0edb354297f305396bf95cb, type: 2}
      propertyPath: m_LocalScale.x
      value: 0.6
      objectReference: {fileID: 0}
    - target: {fileID: 4142854332360004, guid: 4790fea8d0edb354297f305396bf95cb, type: 2}
      propertyPath: m_LocalScale.y
      value: 0.6
      objectReference: {fileID: 0}
    - target: {fileID: 4142854332360004, guid: 4790fea8d0edb354297f305396bf95cb, type: 2}
      propertyPath: m_LocalScale.z
      value: 0.6
      objectReference: {fileID: 0}
    - target: {fileID: 4142854332360004, guid: 4790fea8d0edb354297f305396bf95cb, type: 2}
      propertyPath: m_LocalEulerAnglesHint.z
      value: 9.255
      objectReference: {fileID: 0}
    - target: {fileID: 4142854332360004, guid: 4790fea8d0edb354297f305396bf95cb, type: 2}
      propertyPath: m_LocalEulerAnglesHint.x
      value: 3.7810001
      objectReference: {fileID: 0}
    - target: {fileID: 212396034661783196, guid: 4790fea8d0edb354297f305396bf95cb,
        type: 2}
      propertyPath: m_Sprite
      value: 
      objectReference: {fileID: 21300000, guid: 4b587e677fb199b49b32b6cf714ef2e5,
        type: 3}
    - target: {fileID: 212396034661783196, guid: 4790fea8d0edb354297f305396bf95cb,
        type: 2}
      propertyPath: m_Size.x
      value: 0.01
      objectReference: {fileID: 0}
    - target: {fileID: 212396034661783196, guid: 4790fea8d0edb354297f305396bf95cb,
        type: 2}
      propertyPath: m_Size.y
      value: 0.01
      objectReference: {fileID: 0}
    - target: {fileID: 212396034661783196, guid: 4790fea8d0edb354297f305396bf95cb,
        type: 2}
      propertyPath: m_WasSpriteAssigned
      value: 1
      objectReference: {fileID: 0}
    - target: {fileID: 4640791202011718, guid: 4790fea8d0edb354297f305396bf95cb, type: 2}
      propertyPath: m_RootOrder
      value: 3
      objectReference: {fileID: 0}
    - target: {fileID: 4640791202011718, guid: 4790fea8d0edb354297f305396bf95cb, type: 2}
      propertyPath: m_LocalScale.x
      value: 93.59342
      objectReference: {fileID: 0}
    - target: {fileID: 4640791202011718, guid: 4790fea8d0edb354297f305396bf95cb, type: 2}
      propertyPath: m_LocalScale.y
      value: 52
      objectReference: {fileID: 0}
    - target: {fileID: 4640791202011718, guid: 4790fea8d0edb354297f305396bf95cb, type: 2}
      propertyPath: m_LocalPosition.x
      value: 0.205
      objectReference: {fileID: 0}
    - target: {fileID: 4640791202011718, guid: 4790fea8d0edb354297f305396bf95cb, type: 2}
      propertyPath: m_LocalPosition.z
      value: 0.014
      objectReference: {fileID: 0}
    - target: {fileID: 4640791202011718, guid: 4790fea8d0edb354297f305396bf95cb, type: 2}
      propertyPath: m_LocalPosition.y
      value: -0.046
      objectReference: {fileID: 0}
    m_RemovedComponents:
    - {fileID: 114379869714807356, guid: 4790fea8d0edb354297f305396bf95cb, type: 2}
  m_ParentPrefab: {fileID: 100100000, guid: 4790fea8d0edb354297f305396bf95cb, type: 2}
  m_IsPrefabParent: 0
--- !u!1 &321857844
GameObject:
  m_ObjectHideFlags: 0
  m_PrefabParentObject: {fileID: 0}
  m_PrefabInternal: {fileID: 0}
  serializedVersion: 5
  m_Component:
  - component: {fileID: 321857845}
  - component: {fileID: 321857849}
  - component: {fileID: 321857848}
  - component: {fileID: 321857847}
  - component: {fileID: 321857846}
  - component: {fileID: 321857850}
  - component: {fileID: 321857851}
  m_Layer: 0
  m_Name: WPM
  m_TagString: Untagged
  m_Icon: {fileID: 0}
  m_NavMeshLayer: 0
  m_StaticEditorFlags: 0
  m_IsActive: 1
--- !u!224 &321857845
RectTransform:
  m_ObjectHideFlags: 0
  m_PrefabParentObject: {fileID: 0}
  m_PrefabInternal: {fileID: 0}
  m_GameObject: {fileID: 321857844}
  m_LocalRotation: {x: -0.000000017695127, y: 0.7461156, z: -0.0000000037252896, w: -0.6658165}
  m_LocalPosition: {x: 0, y: 0, z: 0.007}
  m_LocalScale: {x: 0.08996682, y: 0.10500001, z: 1}
  m_Children: []
  m_Father: {fileID: 504177941}
  m_RootOrder: 2
  m_LocalEulerAnglesHint: {x: 0, y: 0, z: 0}
  m_AnchorMin: {x: 0.5, y: 0.5}
  m_AnchorMax: {x: 0.5, y: 0.5}
  m_AnchoredPosition: {x: 0.312, y: -0.119}
  m_SizeDelta: {x: 9.861, y: 2.465}
  m_Pivot: {x: 0.5, y: 0.5}
--- !u!114 &321857846
MonoBehaviour:
  m_ObjectHideFlags: 0
  m_PrefabParentObject: {fileID: 0}
  m_PrefabInternal: {fileID: 0}
  m_GameObject: {fileID: 321857844}
  m_Enabled: 1
  m_EditorHideFlags: 0
  m_Script: {fileID: -806885394, guid: 89f0137620f6af44b9ba852b4190e64e, type: 3}
  m_Name: 
  m_EditorClassIdentifier: 
  m_Material: {fileID: 0}
  m_Color: {r: 1, g: 1, b: 1, a: 1}
  m_RaycastTarget: 1
  m_OnCullStateChanged:
    m_PersistentCalls:
      m_Calls: []
    m_TypeName: UnityEngine.UI.MaskableGraphic+CullStateChangedEvent, UnityEngine.UI,
      Version=1.0.0.0, Culture=neutral, PublicKeyToken=null
  m_text: 
  m_isRightToLeft: 0
  m_fontAsset: {fileID: 11400000, guid: 715b80e429c437e40867928a4e1fc975, type: 2}
  m_sharedMaterial: {fileID: 2180264, guid: 715b80e429c437e40867928a4e1fc975, type: 2}
  m_fontSharedMaterials: []
  m_fontMaterial: {fileID: 0}
  m_fontMaterials: []
  m_fontColor32:
    serializedVersion: 2
    rgba: 4279374354
  m_fontColor: {r: 0.07352942, g: 0.07352942, b: 0.07352942, a: 1}
  m_enableVertexGradient: 0
  m_fontColorGradient:
    topLeft: {r: 1, g: 1, b: 1, a: 1}
    topRight: {r: 1, g: 1, b: 1, a: 1}
    bottomLeft: {r: 1, g: 1, b: 1, a: 1}
    bottomRight: {r: 1, g: 1, b: 1, a: 1}
  m_fontColorGradientPreset: {fileID: 0}
  m_spriteAsset: {fileID: 0}
  m_tintAllSprites: 0
  m_overrideHtmlColors: 0
  m_faceColor:
    serializedVersion: 2
    rgba: 4294967295
  m_outlineColor:
    serializedVersion: 2
    rgba: 4278190080
  m_fontSize: 18
  m_fontSizeBase: 18
  m_fontWeight: 400
  m_enableAutoSizing: 0
  m_fontSizeMin: 18
  m_fontSizeMax: 72
  m_fontStyle: 0
  m_textAlignment: 514
  m_isAlignmentEnumConverted: 1
  m_characterSpacing: 0
  m_wordSpacing: 0
  m_lineSpacing: 0
  m_lineSpacingMax: 0
  m_paragraphSpacing: 0
  m_charWidthMaxAdj: 0
  m_enableWordWrapping: 1
  m_wordWrappingRatios: 0.4
  m_overflowMode: 0
  m_firstOverflowCharacterIndex: -1
  m_linkedTextComponent: {fileID: 0}
  m_isLinkedTextComponent: 0
  m_enableKerning: 1
  m_enableExtraPadding: 0
  checkPaddingRequired: 0
  m_isRichText: 1
  m_parseCtrlCharacters: 1
  m_isOrthographic: 0
  m_isCullingEnabled: 0
  m_ignoreRectMaskCulling: 0
  m_ignoreCulling: 1
  m_horizontalMapping: 0
  m_verticalMapping: 0
  m_uvLineOffset: 0
  m_geometrySortingOrder: 0
  m_firstVisibleCharacter: 0
  m_useMaxVisibleDescender: 1
  m_pageToDisplay: 1
  m_margin: {x: 0, y: 0, z: 0, w: 0}
  m_textInfo:
    textComponent: {fileID: 321857846}
    characterCount: 0
    spriteCount: 0
    spaceCount: 0
    wordCount: 0
    linkCount: 0
    lineCount: 0
    pageCount: 0
    materialCount: 1
  m_havePropertiesChanged: 0
  m_isUsingLegacyAnimationComponent: 0
  m_isVolumetricText: 0
  m_spriteAnimator: {fileID: 0}
  m_isInputParsingRequired: 0
  m_inputSource: 0
  m_hasFontAssetChanged: 0
  m_renderer: {fileID: 321857848}
  m_subTextObjects:
  - {fileID: 0}
  - {fileID: 0}
  - {fileID: 0}
  - {fileID: 0}
  - {fileID: 0}
  - {fileID: 0}
  - {fileID: 0}
  - {fileID: 0}
  m_maskType: 0
--- !u!222 &321857847
CanvasRenderer:
  m_ObjectHideFlags: 2
  m_PrefabParentObject: {fileID: 0}
  m_PrefabInternal: {fileID: 0}
  m_GameObject: {fileID: 321857844}
--- !u!23 &321857848
MeshRenderer:
  m_ObjectHideFlags: 0
  m_PrefabParentObject: {fileID: 0}
  m_PrefabInternal: {fileID: 0}
  m_GameObject: {fileID: 321857844}
  m_Enabled: 1
  m_CastShadows: 0
  m_ReceiveShadows: 0
  m_MotionVectors: 1
  m_LightProbeUsage: 1
  m_ReflectionProbeUsage: 1
  m_Materials:
  - {fileID: 2180264, guid: 715b80e429c437e40867928a4e1fc975, type: 2}
  m_StaticBatchInfo:
    firstSubMesh: 0
    subMeshCount: 0
  m_StaticBatchRoot: {fileID: 0}
  m_ProbeAnchor: {fileID: 0}
  m_LightProbeVolumeOverride: {fileID: 0}
  m_ScaleInLightmap: 1
  m_PreserveUVs: 0
  m_IgnoreNormalsForChartDetection: 0
  m_ImportantGI: 0
  m_SelectedEditorRenderState: 3
  m_MinimumChartSize: 4
  m_AutoUVMaxDistance: 0.5
  m_AutoUVMaxAngle: 89
  m_LightmapParameters: {fileID: 0}
  m_SortingLayerID: 0
  m_SortingLayer: 0
  m_SortingOrder: 0
--- !u!33 &321857849
MeshFilter:
  m_ObjectHideFlags: 2
  m_PrefabParentObject: {fileID: 0}
  m_PrefabInternal: {fileID: 0}
  m_GameObject: {fileID: 321857844}
  m_Mesh: {fileID: 0}
--- !u!114 &321857850
MonoBehaviour:
  m_ObjectHideFlags: 0
  m_PrefabParentObject: {fileID: 0}
  m_PrefabInternal: {fileID: 0}
  m_GameObject: {fileID: 321857844}
  m_Enabled: 1
  m_EditorHideFlags: 0
  m_Script: {fileID: 11500000, guid: 6645c84ba4c7ee944be8e917d2f1817a, type: 3}
  m_Name: 
  m_EditorClassIdentifier: 
--- !u!114 &321857851
MonoBehaviour:
  m_ObjectHideFlags: 0
  m_PrefabParentObject: {fileID: 0}
  m_PrefabInternal: {fileID: 0}
  m_GameObject: {fileID: 321857844}
  m_Enabled: 1
  m_EditorHideFlags: 0
  m_Script: {fileID: 11500000, guid: 5408df8dcbd587c4ba72b8328ddc30b4, type: 3}
  m_Name: 
  m_EditorClassIdentifier: 
  wpmText: {fileID: 321857846}
  keywordInvoker: {fileID: 321857850}
--- !u!1001 &352682854
Prefab:
  m_ObjectHideFlags: 0
  serializedVersion: 2
  m_Modification:
    m_TransformParent: {fileID: 0}
    m_Modifications:
    - target: {fileID: 114646694923308598, guid: d83568d02977908408b08427beb50152,
        type: 2}
      propertyPath: ignoreCollisionsWith.Array.size
      value: 0
      objectReference: {fileID: 0}
    - target: {fileID: 4112993058362444, guid: d83568d02977908408b08427beb50152, type: 2}
      propertyPath: m_LocalPosition.x
      value: 0
      objectReference: {fileID: 0}
    - target: {fileID: 4112993058362444, guid: d83568d02977908408b08427beb50152, type: 2}
      propertyPath: m_LocalPosition.y
      value: 0
      objectReference: {fileID: 0}
    - target: {fileID: 4112993058362444, guid: d83568d02977908408b08427beb50152, type: 2}
      propertyPath: m_LocalPosition.z
      value: 0
      objectReference: {fileID: 0}
    - target: {fileID: 4112993058362444, guid: d83568d02977908408b08427beb50152, type: 2}
      propertyPath: m_LocalRotation.x
      value: 0
      objectReference: {fileID: 0}
    - target: {fileID: 4112993058362444, guid: d83568d02977908408b08427beb50152, type: 2}
      propertyPath: m_LocalRotation.y
      value: 0
      objectReference: {fileID: 0}
    - target: {fileID: 4112993058362444, guid: d83568d02977908408b08427beb50152, type: 2}
      propertyPath: m_LocalRotation.z
      value: 0
      objectReference: {fileID: 0}
    - target: {fileID: 4112993058362444, guid: d83568d02977908408b08427beb50152, type: 2}
      propertyPath: m_LocalRotation.w
      value: 1
      objectReference: {fileID: 0}
    - target: {fileID: 4112993058362444, guid: d83568d02977908408b08427beb50152, type: 2}
      propertyPath: m_RootOrder
      value: 4
      objectReference: {fileID: 0}
    - target: {fileID: 114387288274420748, guid: d83568d02977908408b08427beb50152,
        type: 2}
      propertyPath: grabToggleButton
      value: 3
      objectReference: {fileID: 0}
    - target: {fileID: 114803172318869422, guid: d83568d02977908408b08427beb50152,
        type: 2}
      propertyPath: grabToggleButton
      value: 7
      objectReference: {fileID: 0}
    - target: {fileID: 114891249219591372, guid: d83568d02977908408b08427beb50152,
        type: 2}
      propertyPath: grabButton
      value: 3
      objectReference: {fileID: 0}
    - target: {fileID: 114239874216351928, guid: d83568d02977908408b08427beb50152,
        type: 2}
      propertyPath: grabButton
      value: 3
      objectReference: {fileID: 0}
    - target: {fileID: 1947690601281528, guid: d83568d02977908408b08427beb50152, type: 2}
      propertyPath: m_IsActive
      value: 0
      objectReference: {fileID: 0}
    - target: {fileID: 1646689815842526, guid: d83568d02977908408b08427beb50152, type: 2}
      propertyPath: m_IsActive
      value: 0
      objectReference: {fileID: 0}
    - target: {fileID: 114646694923308598, guid: d83568d02977908408b08427beb50152,
        type: 2}
      propertyPath: enableBodyCollisions
      value: 1
      objectReference: {fileID: 0}
    - target: {fileID: 114646694923308598, guid: d83568d02977908408b08427beb50152,
        type: 2}
      propertyPath: ignoreCollisionsWith.Array.data[0]
      value: 
      objectReference: {fileID: 0}
    - target: {fileID: 114646694923308598, guid: d83568d02977908408b08427beb50152,
        type: 2}
      propertyPath: ignoreCollisionsWith.Array.data[1]
      value: 
      objectReference: {fileID: 0}
    - target: {fileID: 114646694923308598, guid: d83568d02977908408b08427beb50152,
        type: 2}
      propertyPath: ignoreCollisionsWith.Array.data[2]
      value: 
      objectReference: {fileID: 0}
    - target: {fileID: 114646694923308598, guid: d83568d02977908408b08427beb50152,
        type: 2}
      propertyPath: ignoreCollisionsWith.Array.data[3]
      value: 
      objectReference: {fileID: 0}
    - target: {fileID: 114646694923308598, guid: d83568d02977908408b08427beb50152,
        type: 2}
      propertyPath: ignoreCollisionsWith.Array.data[4]
      value: 
      objectReference: {fileID: 0}
    - target: {fileID: 114646694923308598, guid: d83568d02977908408b08427beb50152,
        type: 2}
      propertyPath: ignoreCollisionsWith.Array.data[5]
      value: 
      objectReference: {fileID: 0}
    - target: {fileID: 114037475395837098, guid: d83568d02977908408b08427beb50152,
        type: 2}
      propertyPath: identifiers.Array.data[1]
      value: ExcludeTeleport
      objectReference: {fileID: 0}
    m_RemovedComponents:
    - {fileID: 114795735110570476, guid: d83568d02977908408b08427beb50152, type: 2}
  m_ParentPrefab: {fileID: 100100000, guid: d83568d02977908408b08427beb50152, type: 2}
  m_IsPrefabParent: 0
--- !u!1 &352682855 stripped
GameObject:
  m_PrefabParentObject: {fileID: 1848144074916750, guid: d83568d02977908408b08427beb50152,
    type: 2}
  m_PrefabInternal: {fileID: 352682854}
--- !u!1 &352682856 stripped
GameObject:
  m_PrefabParentObject: {fileID: 1309309280591626, guid: d83568d02977908408b08427beb50152,
    type: 2}
  m_PrefabInternal: {fileID: 352682854}
--- !u!114 &352682857 stripped
MonoBehaviour:
  m_PrefabParentObject: {fileID: 114803172318869422, guid: d83568d02977908408b08427beb50152,
    type: 2}
  m_PrefabInternal: {fileID: 352682854}
  m_Script: {fileID: 11500000, guid: eba3cd5456cd79e49948f5ceb58544b4, type: 3}
--- !u!114 &352682858 stripped
MonoBehaviour:
  m_PrefabParentObject: {fileID: 114387288274420748, guid: d83568d02977908408b08427beb50152,
    type: 2}
  m_PrefabInternal: {fileID: 352682854}
  m_Script: {fileID: 11500000, guid: eba3cd5456cd79e49948f5ceb58544b4, type: 3}
--- !u!1 &396790033
GameObject:
  m_ObjectHideFlags: 0
  m_PrefabParentObject: {fileID: 0}
  m_PrefabInternal: {fileID: 0}
  serializedVersion: 5
  m_Component:
  - component: {fileID: 396790034}
  - component: {fileID: 396790035}
  m_Layer: 0
  m_Name: Tomato Thrower
  m_TagString: Untagged
  m_Icon: {fileID: 0}
  m_NavMeshLayer: 0
  m_StaticEditorFlags: 0
  m_IsActive: 1
--- !u!4 &396790034
Transform:
  m_ObjectHideFlags: 0
  m_PrefabParentObject: {fileID: 0}
  m_PrefabInternal: {fileID: 0}
  m_GameObject: {fileID: 396790033}
  m_LocalRotation: {x: 0, y: 0, z: 0, w: 1}
  m_LocalPosition: {x: 0, y: 0, z: 0}
  m_LocalScale: {x: 1, y: 1, z: 1}
  m_Children: []
  m_Father: {fileID: 2034005798}
  m_RootOrder: 0
  m_LocalEulerAnglesHint: {x: 0, y: 0, z: 0}
--- !u!114 &396790035
MonoBehaviour:
  m_ObjectHideFlags: 0
  m_PrefabParentObject: {fileID: 0}
  m_PrefabInternal: {fileID: 0}
  m_GameObject: {fileID: 396790033}
  m_Enabled: 1
  m_EditorHideFlags: 0
  m_Script: {fileID: 11500000, guid: 91e2749ec71c5f44fb6772916a733a34, type: 3}
  m_Name: 
  m_EditorClassIdentifier: 
  startingPositions:
  - {fileID: 92281635}
  - {fileID: 467292936}
  - {fileID: 968353933}
  - {fileID: 1495520949}
  - {fileID: 1400060584}
  - {fileID: 777098207}
  - {fileID: 893041102}
  - {fileID: 1266168898}
  - {fileID: 1388704577}
  - {fileID: 59968633}
  - {fileID: 700113116}
  - {fileID: 1995303217}
  - {fileID: 1111648435}
  throwAtPoint: {fileID: 695288957}
  tomatoPrefab: {fileID: 1000010004241426, guid: ad3b2f45225bb0c4f8f80eacd5111af1,
    type: 2}
  audioSource: {fileID: 1595041201}
  booSound: {fileID: 8300000, guid: 322044d4f0d91874485a5f47865cd81e, type: 3}
  throwForceMultiplier: 2200
--- !u!1 &426505826 stripped
GameObject:
  m_PrefabParentObject: {fileID: 1668890963348800, guid: b8d27214f7d061f48a28d892852364b5,
    type: 2}
  m_PrefabInternal: {fileID: 2069293559}
--- !u!212 &451768084 stripped
SpriteRenderer:
  m_PrefabParentObject: {fileID: 212396034661783196, guid: 4790fea8d0edb354297f305396bf95cb,
    type: 2}
  m_PrefabInternal: {fileID: 2059930200}
--- !u!1 &467292935
GameObject:
  m_ObjectHideFlags: 0
  m_PrefabParentObject: {fileID: 0}
  m_PrefabInternal: {fileID: 0}
  serializedVersion: 5
  m_Component:
  - component: {fileID: 467292936}
  m_Layer: 0
  m_Name: StartingPosition1 (1)
  m_TagString: Untagged
  m_Icon: {fileID: 0}
  m_NavMeshLayer: 0
  m_StaticEditorFlags: 0
  m_IsActive: 1
--- !u!4 &467292936
Transform:
  m_ObjectHideFlags: 0
  m_PrefabParentObject: {fileID: 0}
  m_PrefabInternal: {fileID: 0}
  m_GameObject: {fileID: 467292935}
  m_LocalRotation: {x: -0, y: 0.7071068, z: -0, w: 0.7071068}
  m_LocalPosition: {x: -9.77, y: 1.7900001, z: 4.93}
  m_LocalScale: {x: 1.0000005, y: 1, z: 1.0000005}
  m_Children: []
  m_Father: {fileID: 2034005798}
  m_RootOrder: 3
  m_LocalEulerAnglesHint: {x: 0, y: 90, z: 0}
--- !u!4 &504177941 stripped
Transform:
  m_PrefabParentObject: {fileID: 4142854332360004, guid: 4790fea8d0edb354297f305396bf95cb,
    type: 2}
  m_PrefabInternal: {fileID: 316452960}
--- !u!1 &695288956
GameObject:
  m_ObjectHideFlags: 0
  m_PrefabParentObject: {fileID: 0}
  m_PrefabInternal: {fileID: 0}
  serializedVersion: 5
  m_Component:
  - component: {fileID: 695288957}
  m_Layer: 0
  m_Name: ThrowAt
  m_TagString: Untagged
  m_Icon: {fileID: 0}
  m_NavMeshLayer: 0
  m_StaticEditorFlags: 0
  m_IsActive: 1
--- !u!4 &695288957
Transform:
  m_ObjectHideFlags: 0
  m_PrefabParentObject: {fileID: 0}
  m_PrefabInternal: {fileID: 0}
  m_GameObject: {fileID: 695288956}
  m_LocalRotation: {x: 0, y: 0.7071068, z: 0, w: 0.7071068}
  m_LocalPosition: {x: 4.55, y: 0.38, z: 1.22}
  m_LocalScale: {x: 1, y: 1, z: 1}
  m_Children: []
  m_Father: {fileID: 2034005798}
  m_RootOrder: 1
  m_LocalEulerAnglesHint: {x: 0, y: 90, z: 0}
--- !u!1 &700113115
GameObject:
  m_ObjectHideFlags: 0
  m_PrefabParentObject: {fileID: 0}
  m_PrefabInternal: {fileID: 0}
  serializedVersion: 5
  m_Component:
  - component: {fileID: 700113116}
  m_Layer: 0
  m_Name: StartingPosition1 (10)
  m_TagString: Untagged
  m_Icon: {fileID: 0}
  m_NavMeshLayer: 0
  m_StaticEditorFlags: 0
  m_IsActive: 1
--- !u!4 &700113116
Transform:
  m_ObjectHideFlags: 0
  m_PrefabParentObject: {fileID: 0}
  m_PrefabInternal: {fileID: 0}
  m_GameObject: {fileID: 700113115}
  m_LocalRotation: {x: -0, y: 0.7071068, z: -0, w: 0.7071068}
  m_LocalPosition: {x: -9.77, y: 0.54, z: 1.1}
  m_LocalScale: {x: 1.0000005, y: 1, z: 1.0000005}
  m_Children: []
  m_Father: {fileID: 2034005798}
  m_RootOrder: 12
  m_LocalEulerAnglesHint: {x: 0, y: 90, z: 0}
--- !u!1 &777098206
GameObject:
  m_ObjectHideFlags: 0
  m_PrefabParentObject: {fileID: 0}
  m_PrefabInternal: {fileID: 0}
  serializedVersion: 5
  m_Component:
  - component: {fileID: 777098207}
  m_Layer: 0
  m_Name: StartingPosition1 (5)
  m_TagString: Untagged
  m_Icon: {fileID: 0}
  m_NavMeshLayer: 0
  m_StaticEditorFlags: 0
  m_IsActive: 1
--- !u!4 &777098207
Transform:
  m_ObjectHideFlags: 0
  m_PrefabParentObject: {fileID: 0}
  m_PrefabInternal: {fileID: 0}
  m_GameObject: {fileID: 777098206}
  m_LocalRotation: {x: -0, y: 0.7071068, z: -0, w: 0.7071068}
  m_LocalPosition: {x: -9.77, y: 3.09, z: -1.61}
  m_LocalScale: {x: 1.0000005, y: 1, z: 1.0000005}
  m_Children: []
  m_Father: {fileID: 2034005798}
  m_RootOrder: 7
  m_LocalEulerAnglesHint: {x: 0, y: 90, z: 0}
--- !u!1 &893041101
GameObject:
  m_ObjectHideFlags: 0
  m_PrefabParentObject: {fileID: 0}
  m_PrefabInternal: {fileID: 0}
  serializedVersion: 5
  m_Component:
  - component: {fileID: 893041102}
  m_Layer: 0
  m_Name: StartingPosition1 (6)
  m_TagString: Untagged
  m_Icon: {fileID: 0}
  m_NavMeshLayer: 0
  m_StaticEditorFlags: 0
  m_IsActive: 1
--- !u!4 &893041102
Transform:
  m_ObjectHideFlags: 0
  m_PrefabParentObject: {fileID: 0}
  m_PrefabInternal: {fileID: 0}
  m_GameObject: {fileID: 893041101}
  m_LocalRotation: {x: -0, y: 0.7071068, z: -0, w: 0.7071068}
  m_LocalPosition: {x: -9.77, y: 3.5, z: 4.64}
  m_LocalScale: {x: 1.0000005, y: 1, z: 1.0000005}
  m_Children: []
  m_Father: {fileID: 2034005798}
  m_RootOrder: 8
  m_LocalEulerAnglesHint: {x: 0, y: 90, z: 0}
--- !u!1 &968353932
GameObject:
  m_ObjectHideFlags: 0
  m_PrefabParentObject: {fileID: 0}
  m_PrefabInternal: {fileID: 0}
  serializedVersion: 5
  m_Component:
  - component: {fileID: 968353933}
  m_Layer: 0
  m_Name: StartingPosition1 (2)
  m_TagString: Untagged
  m_Icon: {fileID: 0}
  m_NavMeshLayer: 0
  m_StaticEditorFlags: 0
  m_IsActive: 1
--- !u!4 &968353933
Transform:
  m_ObjectHideFlags: 0
  m_PrefabParentObject: {fileID: 0}
  m_PrefabInternal: {fileID: 0}
  m_GameObject: {fileID: 968353932}
  m_LocalRotation: {x: -0, y: 0.7071068, z: -0, w: 0.7071068}
  m_LocalPosition: {x: -9.77, y: 1.7900001, z: 1.8499999}
  m_LocalScale: {x: 1.0000005, y: 1, z: 1.0000005}
  m_Children: []
  m_Father: {fileID: 2034005798}
  m_RootOrder: 4
  m_LocalEulerAnglesHint: {x: 0, y: 90, z: 0}
--- !u!1001 &1091873825
Prefab:
  m_ObjectHideFlags: 0
  serializedVersion: 2
  m_Modification:
    m_TransformParent: {fileID: 0}
    m_Modifications:
    - target: {fileID: 4142854332360004, guid: 4790fea8d0edb354297f305396bf95cb, type: 2}
      propertyPath: m_LocalPosition.x
      value: -0.17
      objectReference: {fileID: 0}
    - target: {fileID: 4142854332360004, guid: 4790fea8d0edb354297f305396bf95cb, type: 2}
      propertyPath: m_LocalPosition.y
      value: 2.348
      objectReference: {fileID: 0}
    - target: {fileID: 4142854332360004, guid: 4790fea8d0edb354297f305396bf95cb, type: 2}
      propertyPath: m_LocalPosition.z
      value: 1.38
      objectReference: {fileID: 0}
    - target: {fileID: 4142854332360004, guid: 4790fea8d0edb354297f305396bf95cb, type: 2}
      propertyPath: m_LocalRotation.x
      value: 0
      objectReference: {fileID: 0}
    - target: {fileID: 4142854332360004, guid: 4790fea8d0edb354297f305396bf95cb, type: 2}
      propertyPath: m_LocalRotation.y
      value: -0.9995175
      objectReference: {fileID: 0}
    - target: {fileID: 4142854332360004, guid: 4790fea8d0edb354297f305396bf95cb, type: 2}
      propertyPath: m_LocalRotation.z
      value: 0
      objectReference: {fileID: 0}
    - target: {fileID: 4142854332360004, guid: 4790fea8d0edb354297f305396bf95cb, type: 2}
      propertyPath: m_LocalRotation.w
      value: 0.031061947
      objectReference: {fileID: 0}
    - target: {fileID: 4142854332360004, guid: 4790fea8d0edb354297f305396bf95cb, type: 2}
      propertyPath: m_RootOrder
      value: 5
      objectReference: {fileID: 0}
    - target: {fileID: 4640791202011718, guid: 4790fea8d0edb354297f305396bf95cb, type: 2}
      propertyPath: m_LocalPosition.x
      value: 0.2116
      objectReference: {fileID: 0}
    - target: {fileID: 4640791202011718, guid: 4790fea8d0edb354297f305396bf95cb, type: 2}
      propertyPath: m_LocalPosition.y
      value: -0.0496
      objectReference: {fileID: 0}
    - target: {fileID: 4640791202011718, guid: 4790fea8d0edb354297f305396bf95cb, type: 2}
      propertyPath: m_LocalPosition.z
      value: 0.0165
      objectReference: {fileID: 0}
    - target: {fileID: 4640791202011718, guid: 4790fea8d0edb354297f305396bf95cb, type: 2}
      propertyPath: m_LocalScale.x
      value: 0.09862955
      objectReference: {fileID: 0}
    - target: {fileID: 4640791202011718, guid: 4790fea8d0edb354297f305396bf95cb, type: 2}
      propertyPath: m_LocalScale.y
      value: 0.10364717
      objectReference: {fileID: 0}
    m_RemovedComponents:
    - {fileID: 114379869714807356, guid: 4790fea8d0edb354297f305396bf95cb, type: 2}
  m_ParentPrefab: {fileID: 100100000, guid: 4790fea8d0edb354297f305396bf95cb, type: 2}
  m_IsPrefabParent: 0
--- !u!1 &1103477899 stripped
GameObject:
  m_PrefabParentObject: {fileID: 1490994261932846, guid: b8d27214f7d061f48a28d892852364b5,
    type: 2}
  m_PrefabInternal: {fileID: 2069293559}
--- !u!1 &1111648434
GameObject:
  m_ObjectHideFlags: 0
  m_PrefabParentObject: {fileID: 0}
  m_PrefabInternal: {fileID: 0}
  serializedVersion: 5
  m_Component:
  - component: {fileID: 1111648435}
  m_Layer: 0
  m_Name: StartingPosition1 (12)
  m_TagString: Untagged
  m_Icon: {fileID: 0}
  m_NavMeshLayer: 0
  m_StaticEditorFlags: 0
  m_IsActive: 1
--- !u!4 &1111648435
Transform:
  m_ObjectHideFlags: 0
  m_PrefabParentObject: {fileID: 0}
  m_PrefabInternal: {fileID: 0}
  m_GameObject: {fileID: 1111648434}
  m_LocalRotation: {x: -0, y: 0.7071068, z: -0, w: 0.7071068}
  m_LocalPosition: {x: -9.77, y: 1.7900001, z: -4.04}
  m_LocalScale: {x: 1.0000005, y: 1, z: 1.0000005}
  m_Children: []
  m_Father: {fileID: 2034005798}
  m_RootOrder: 14
  m_LocalEulerAnglesHint: {x: 0, y: 90, z: 0}
--- !u!1 &1144810865
GameObject:
  m_ObjectHideFlags: 0
  m_PrefabParentObject: {fileID: 0}
  m_PrefabInternal: {fileID: 0}
  serializedVersion: 5
  m_Component:
  - component: {fileID: 1144810870}
  - component: {fileID: 1144810869}
  - component: {fileID: 1144810868}
  - component: {fileID: 1144810867}
  - component: {fileID: 1144810866}
  m_Layer: 0
  m_Name: Main Camera
  m_TagString: MainCamera
  m_Icon: {fileID: 0}
  m_NavMeshLayer: 0
  m_StaticEditorFlags: 0
  m_IsActive: 0
--- !u!81 &1144810866
AudioListener:
  m_ObjectHideFlags: 0
  m_PrefabParentObject: {fileID: 0}
  m_PrefabInternal: {fileID: 0}
  m_GameObject: {fileID: 1144810865}
  m_Enabled: 1
--- !u!124 &1144810867
Behaviour:
  m_ObjectHideFlags: 0
  m_PrefabParentObject: {fileID: 0}
  m_PrefabInternal: {fileID: 0}
  m_GameObject: {fileID: 1144810865}
  m_Enabled: 1
--- !u!92 &1144810868
Behaviour:
  m_ObjectHideFlags: 0
  m_PrefabParentObject: {fileID: 0}
  m_PrefabInternal: {fileID: 0}
  m_GameObject: {fileID: 1144810865}
  m_Enabled: 1
--- !u!20 &1144810869
Camera:
  m_ObjectHideFlags: 0
  m_PrefabParentObject: {fileID: 0}
  m_PrefabInternal: {fileID: 0}
  m_GameObject: {fileID: 1144810865}
  m_Enabled: 1
  serializedVersion: 2
  m_ClearFlags: 1
  m_BackGroundColor: {r: 0.19215687, g: 0.3019608, b: 0.4745098, a: 0}
  m_NormalizedViewPortRect:
    serializedVersion: 2
    x: 0
    y: 0
    width: 1
    height: 1
  near clip plane: 0.3
  far clip plane: 1000
  field of view: 60
  orthographic: 0
  orthographic size: 5
  m_Depth: -1
  m_CullingMask:
    serializedVersion: 2
    m_Bits: 4294967295
  m_RenderingPath: -1
  m_TargetTexture: {fileID: 0}
  m_TargetDisplay: 0
  m_TargetEye: 3
  m_HDR: 0
  m_AllowMSAA: 1
  m_ForceIntoRT: 0
  m_OcclusionCulling: 1
  m_StereoConvergence: 10
  m_StereoSeparation: 0.022
  m_StereoMirrorMode: 0
--- !u!4 &1144810870
Transform:
  m_ObjectHideFlags: 0
  m_PrefabParentObject: {fileID: 0}
  m_PrefabInternal: {fileID: 0}
  m_GameObject: {fileID: 1144810865}
  m_LocalRotation: {x: -0, y: -0.48196402, z: -0, w: 0.876191}
  m_LocalPosition: {x: 5.34, y: 1.65, z: -2.19}
  m_LocalScale: {x: 1, y: 1, z: 1}
  m_Children:
  - {fileID: 1864860726}
  m_Father: {fileID: 0}
  m_RootOrder: 0
  m_LocalEulerAnglesHint: {x: 0, y: -57.627003, z: 0}
--- !u!1 &1208601644
GameObject:
  m_ObjectHideFlags: 0
  m_PrefabParentObject: {fileID: 0}
  m_PrefabInternal: {fileID: 0}
  serializedVersion: 5
  m_Component:
  - component: {fileID: 1208601645}
  - component: {fileID: 1208601648}
  - component: {fileID: 1208601647}
  - component: {fileID: 1208601646}
  m_Layer: 0
  m_Name: Floor
  m_TagString: Untagged
  m_Icon: {fileID: 0}
  m_NavMeshLayer: 0
  m_StaticEditorFlags: 0
  m_IsActive: 1
--- !u!4 &1208601645
Transform:
  m_ObjectHideFlags: 0
  m_PrefabParentObject: {fileID: 0}
  m_PrefabInternal: {fileID: 0}
  m_GameObject: {fileID: 1208601644}
  m_LocalRotation: {x: 0.7071068, y: 0, z: 0, w: 0.7071068}
  m_LocalPosition: {x: 6.39, y: -2.04, z: 2.06}
  m_LocalScale: {x: 8, y: 8, z: 1}
  m_Children: []
  m_Father: {fileID: 2057778506}
  m_RootOrder: 0
  m_LocalEulerAnglesHint: {x: 90, y: 0, z: 0}
--- !u!23 &1208601646
MeshRenderer:
  m_ObjectHideFlags: 0
  m_PrefabParentObject: {fileID: 0}
  m_PrefabInternal: {fileID: 0}
  m_GameObject: {fileID: 1208601644}
  m_Enabled: 1
  m_CastShadows: 1
  m_ReceiveShadows: 1
  m_MotionVectors: 1
  m_LightProbeUsage: 1
  m_ReflectionProbeUsage: 1
  m_Materials:
  - {fileID: 2100000, guid: 24e73955ba8338f41a24cd3aea0285a6, type: 2}
  m_StaticBatchInfo:
    firstSubMesh: 0
    subMeshCount: 0
  m_StaticBatchRoot: {fileID: 0}
  m_ProbeAnchor: {fileID: 0}
  m_LightProbeVolumeOverride: {fileID: 0}
  m_ScaleInLightmap: 1
  m_PreserveUVs: 1
  m_IgnoreNormalsForChartDetection: 0
  m_ImportantGI: 0
  m_SelectedEditorRenderState: 3
  m_MinimumChartSize: 4
  m_AutoUVMaxDistance: 0.5
  m_AutoUVMaxAngle: 89
  m_LightmapParameters: {fileID: 0}
  m_SortingLayerID: 0
  m_SortingLayer: 0
  m_SortingOrder: 0
--- !u!64 &1208601647
MeshCollider:
  m_ObjectHideFlags: 0
  m_PrefabParentObject: {fileID: 0}
  m_PrefabInternal: {fileID: 0}
  m_GameObject: {fileID: 1208601644}
  m_Material: {fileID: 0}
  m_IsTrigger: 0
  m_Enabled: 1
  serializedVersion: 2
  m_Convex: 0
  m_InflateMesh: 0
  m_SkinWidth: 0.01
  m_Mesh: {fileID: 10210, guid: 0000000000000000e000000000000000, type: 0}
--- !u!33 &1208601648
MeshFilter:
  m_ObjectHideFlags: 0
  m_PrefabParentObject: {fileID: 0}
  m_PrefabInternal: {fileID: 0}
  m_GameObject: {fileID: 1208601644}
  m_Mesh: {fileID: 10210, guid: 0000000000000000e000000000000000, type: 0}
--- !u!1 &1266168897
GameObject:
  m_ObjectHideFlags: 0
  m_PrefabParentObject: {fileID: 0}
  m_PrefabInternal: {fileID: 0}
  serializedVersion: 5
  m_Component:
  - component: {fileID: 1266168898}
  m_Layer: 0
  m_Name: StartingPosition1 (7)
  m_TagString: Untagged
  m_Icon: {fileID: 0}
  m_NavMeshLayer: 0
  m_StaticEditorFlags: 0
  m_IsActive: 1
--- !u!4 &1266168898
Transform:
  m_ObjectHideFlags: 0
  m_PrefabParentObject: {fileID: 0}
  m_PrefabInternal: {fileID: 0}
  m_GameObject: {fileID: 1266168897}
  m_LocalRotation: {x: -0, y: 0.7071068, z: -0, w: 0.7071068}
  m_LocalPosition: {x: -9.77, y: 1.7900001, z: -3.72}
  m_LocalScale: {x: 1.0000005, y: 1, z: 1.0000005}
  m_Children: []
  m_Father: {fileID: 2034005798}
  m_RootOrder: 9
  m_LocalEulerAnglesHint: {x: 0, y: 90, z: 0}
--- !u!1 &1268760024
GameObject:
  m_ObjectHideFlags: 0
  m_PrefabParentObject: {fileID: 0}
  m_PrefabInternal: {fileID: 0}
  serializedVersion: 5
  m_Component:
  - component: {fileID: 1268760026}
  - component: {fileID: 1268760025}
  m_Layer: 0
  m_Name: Video Player
  m_TagString: Untagged
  m_Icon: {fileID: 0}
  m_NavMeshLayer: 0
  m_StaticEditorFlags: 0
  m_IsActive: 1
--- !u!328 &1268760025
VideoPlayer:
  m_ObjectHideFlags: 0
  m_PrefabParentObject: {fileID: 0}
  m_PrefabInternal: {fileID: 0}
  m_GameObject: {fileID: 1268760024}
  m_Enabled: 1
  m_VideoClip: {fileID: 32900000, guid: a353061560491194fb17567ebd9439af, type: 3}
  m_TargetCameraAlpha: 1
  m_TargetCamera: {fileID: 0}
  m_TargetTexture: {fileID: 8400000, guid: ba8df3784759181498e8fa0bbff98a92, type: 2}
  m_TimeReference: 0
  m_TargetMaterialRenderer: {fileID: 2109929492}
  m_TargetMaterialProperty: _MainTex
  m_RenderMode: 3
  m_AspectRatio: 2
  m_DataSource: 0
  m_PlaybackSpeed: 1.5
  m_AudioOutputMode: 1
  m_TargetAudioSources:
  - {fileID: 0}
  m_DirectAudioVolumes:
  - 1
  m_Url: 
  m_EnabledAudioTracks: 01
  m_DirectAudioMutes: 00
  m_ControlledAudioTrackCount: 1
  m_PlayOnAwake: 1
  m_SkipOnDrop: 1
  m_Looping: 1
  m_WaitForFirstFrame: 1
  m_FrameReadyEventEnabled: 0
--- !u!4 &1268760026
Transform:
  m_ObjectHideFlags: 0
  m_PrefabParentObject: {fileID: 0}
  m_PrefabInternal: {fileID: 0}
  m_GameObject: {fileID: 1268760024}
  m_LocalRotation: {x: 0, y: 0, z: 0, w: 1}
  m_LocalPosition: {x: -4.8511977, y: 1.3363442, z: 0.1928091}
  m_LocalScale: {x: 1, y: 1, z: 1}
  m_Children: []
  m_Father: {fileID: 0}
  m_RootOrder: 7
  m_LocalEulerAnglesHint: {x: 0, y: 0, z: 0}
--- !u!1 &1388704576
GameObject:
  m_ObjectHideFlags: 0
  m_PrefabParentObject: {fileID: 0}
  m_PrefabInternal: {fileID: 0}
  serializedVersion: 5
  m_Component:
  - component: {fileID: 1388704577}
  m_Layer: 0
  m_Name: StartingPosition1 (8)
  m_TagString: Untagged
  m_Icon: {fileID: 0}
  m_NavMeshLayer: 0
  m_StaticEditorFlags: 0
  m_IsActive: 1
--- !u!4 &1388704577
Transform:
  m_ObjectHideFlags: 0
  m_PrefabParentObject: {fileID: 0}
  m_PrefabInternal: {fileID: 0}
  m_GameObject: {fileID: 1388704576}
  m_LocalRotation: {x: -0, y: 0.7071068, z: -0, w: 0.7071068}
  m_LocalPosition: {x: -9.77, y: 3.46, z: 5.49}
  m_LocalScale: {x: 1.0000005, y: 1, z: 1.0000005}
  m_Children: []
  m_Father: {fileID: 2034005798}
  m_RootOrder: 10
  m_LocalEulerAnglesHint: {x: 0, y: 90, z: 0}
--- !u!1 &1400060583
GameObject:
  m_ObjectHideFlags: 0
  m_PrefabParentObject: {fileID: 0}
  m_PrefabInternal: {fileID: 0}
  serializedVersion: 5
  m_Component:
  - component: {fileID: 1400060584}
  m_Layer: 0
  m_Name: StartingPosition1 (4)
  m_TagString: Untagged
  m_Icon: {fileID: 0}
  m_NavMeshLayer: 0
  m_StaticEditorFlags: 0
  m_IsActive: 1
--- !u!4 &1400060584
Transform:
  m_ObjectHideFlags: 0
  m_PrefabParentObject: {fileID: 0}
  m_PrefabInternal: {fileID: 0}
  m_GameObject: {fileID: 1400060583}
  m_LocalRotation: {x: -0, y: 0.7071068, z: -0, w: 0.7071068}
  m_LocalPosition: {x: -9.77, y: -0.31, z: -2.32}
  m_LocalScale: {x: 1.0000005, y: 1, z: 1.0000005}
  m_Children: []
  m_Father: {fileID: 2034005798}
  m_RootOrder: 6
  m_LocalEulerAnglesHint: {x: 0, y: 90, z: 0}
--- !u!1 &1495520948
GameObject:
  m_ObjectHideFlags: 0
  m_PrefabParentObject: {fileID: 0}
  m_PrefabInternal: {fileID: 0}
  serializedVersion: 5
  m_Component:
  - component: {fileID: 1495520949}
  m_Layer: 0
  m_Name: StartingPosition1 (3)
  m_TagString: Untagged
  m_Icon: {fileID: 0}
  m_NavMeshLayer: 0
  m_StaticEditorFlags: 0
  m_IsActive: 1
--- !u!4 &1495520949
Transform:
  m_ObjectHideFlags: 0
  m_PrefabParentObject: {fileID: 0}
  m_PrefabInternal: {fileID: 0}
  m_GameObject: {fileID: 1495520948}
  m_LocalRotation: {x: -0, y: 0.7071068, z: -0, w: 0.7071068}
  m_LocalPosition: {x: -9.77, y: 1.7900001, z: 5.69}
  m_LocalScale: {x: 1.0000005, y: 1, z: 1.0000005}
  m_Children: []
  m_Father: {fileID: 2034005798}
  m_RootOrder: 5
  m_LocalEulerAnglesHint: {x: 0, y: 90, z: 0}
--- !u!1 &1595041200
GameObject:
  m_ObjectHideFlags: 0
  m_PrefabParentObject: {fileID: 0}
  m_PrefabInternal: {fileID: 0}
  serializedVersion: 5
  m_Component:
  - component: {fileID: 1595041202}
  - component: {fileID: 1595041201}
  m_Layer: 0
  m_Name: AudioManager
  m_TagString: Untagged
  m_Icon: {fileID: 0}
  m_NavMeshLayer: 0
  m_StaticEditorFlags: 0
  m_IsActive: 1
--- !u!82 &1595041201
AudioSource:
  m_ObjectHideFlags: 0
  m_PrefabParentObject: {fileID: 0}
  m_PrefabInternal: {fileID: 0}
  m_GameObject: {fileID: 1595041200}
  m_Enabled: 1
  serializedVersion: 4
  OutputAudioMixerGroup: {fileID: 0}
  m_audioClip: {fileID: 8300000, guid: 3fd2159868aa556438e8a04b932127e4, type: 3}
  m_PlayOnAwake: 1
  m_Volume: 0.2
  m_Pitch: 1
  Loop: 1
  Mute: 0
  Spatialize: 0
  SpatializePostEffects: 0
  Priority: 128
  DopplerLevel: 1
  MinDistance: 1
  MaxDistance: 500
  Pan2D: 0
  rolloffMode: 0
  BypassEffects: 0
  BypassListenerEffects: 0
  BypassReverbZones: 0
  rolloffCustomCurve:
    serializedVersion: 2
    m_Curve:
    - serializedVersion: 2
      time: 0
      value: 1
      inSlope: 0
      outSlope: 0
      tangentMode: 0
    - serializedVersion: 2
      time: 1
      value: 0
      inSlope: 0
      outSlope: 0
      tangentMode: 0
    m_PreInfinity: 2
    m_PostInfinity: 2
    m_RotationOrder: 4
  panLevelCustomCurve:
    serializedVersion: 2
    m_Curve:
    - serializedVersion: 2
      time: 0
      value: 0
      inSlope: 0
      outSlope: 0
      tangentMode: 0
    m_PreInfinity: 2
    m_PostInfinity: 2
    m_RotationOrder: 0
  spreadCustomCurve:
    serializedVersion: 2
    m_Curve:
    - serializedVersion: 2
      time: 0
      value: 0
      inSlope: 0
      outSlope: 0
      tangentMode: 0
    m_PreInfinity: 2
    m_PostInfinity: 2
    m_RotationOrder: 4
  reverbZoneMixCustomCurve:
    serializedVersion: 2
    m_Curve:
    - serializedVersion: 2
      time: 0
      value: 1
      inSlope: 0
      outSlope: 0
      tangentMode: 0
    m_PreInfinity: 2
    m_PostInfinity: 2
    m_RotationOrder: 0
--- !u!4 &1595041202
Transform:
  m_ObjectHideFlags: 0
  m_PrefabParentObject: {fileID: 0}
  m_PrefabInternal: {fileID: 0}
  m_GameObject: {fileID: 1595041200}
  m_LocalRotation: {x: 0, y: 0, z: 0, w: 1}
  m_LocalPosition: {x: -4.1608796, y: 0.8605622, z: 1.1976181}
  m_LocalScale: {x: 1, y: 1, z: 1}
  m_Children: []
  m_Father: {fileID: 0}
  m_RootOrder: 11
  m_LocalEulerAnglesHint: {x: 0, y: 0, z: 0}
--- !u!1 &1630605513
GameObject:
  m_ObjectHideFlags: 0
  m_PrefabParentObject: {fileID: 0}
  m_PrefabInternal: {fileID: 0}
  serializedVersion: 5
  m_Component:
  - component: {fileID: 1630605515}
  - component: {fileID: 1630605514}
  m_Layer: 0
  m_Name: Directional Light
  m_TagString: Untagged
  m_Icon: {fileID: 0}
  m_NavMeshLayer: 0
  m_StaticEditorFlags: 0
  m_IsActive: 1
--- !u!108 &1630605514
Light:
  m_ObjectHideFlags: 0
  m_PrefabParentObject: {fileID: 0}
  m_PrefabInternal: {fileID: 0}
  m_GameObject: {fileID: 1630605513}
  m_Enabled: 1
  serializedVersion: 8
  m_Type: 1
  m_Color: {r: 1, g: 0.98421806, b: 0.9411765, a: 1}
  m_Intensity: 1.24
  m_Range: 10
  m_SpotAngle: 30
  m_CookieSize: 10
  m_Shadows:
    m_Type: 2
    m_Resolution: -1
    m_CustomResolution: -1
    m_Strength: 0.36
    m_Bias: 0.05
    m_NormalBias: 0.4
    m_NearPlane: 0.2
  m_Cookie: {fileID: 0}
  m_DrawHalo: 0
  m_Flare: {fileID: 0}
  m_RenderMode: 0
  m_CullingMask:
    serializedVersion: 2
    m_Bits: 4294967295
  m_Lightmapping: 4
  m_AreaSize: {x: 1, y: 1}
  m_BounceIntensity: 3.8
  m_FalloffTable:
    m_Table[0]: 0
    m_Table[1]: 0
    m_Table[2]: 0
    m_Table[3]: 0
    m_Table[4]: 0
    m_Table[5]: 0
    m_Table[6]: 0
    m_Table[7]: 0
    m_Table[8]: 0
    m_Table[9]: 0
    m_Table[10]: 0
    m_Table[11]: 0
    m_Table[12]: 0
  m_ColorTemperature: 6570
  m_UseColorTemperature: 0
  m_ShadowRadius: 0
  m_ShadowAngle: 0
--- !u!4 &1630605515
Transform:
  m_ObjectHideFlags: 0
  m_PrefabParentObject: {fileID: 0}
  m_PrefabInternal: {fileID: 0}
  m_GameObject: {fileID: 1630605513}
  m_LocalRotation: {x: 0.18429668, y: -0.2011383, z: 0.16288245, w: 0.94818115}
  m_LocalPosition: {x: 0, y: 3, z: -6.82}
  m_LocalScale: {x: 1, y: 1, z: 1}
  m_Children: []
  m_Father: {fileID: 0}
  m_RootOrder: 3
  m_LocalEulerAnglesHint: {x: 24.52, y: -20.686, z: 14.952001}
--- !u!1 &1744543905 stripped
GameObject:
  m_PrefabParentObject: {fileID: 1157974554322988, guid: b8d27214f7d061f48a28d892852364b5,
    type: 2}
  m_PrefabInternal: {fileID: 2069293559}
--- !u!1 &1749493949
GameObject:
  m_ObjectHideFlags: 0
  m_PrefabParentObject: {fileID: 0}
  m_PrefabInternal: {fileID: 0}
  serializedVersion: 5
  m_Component:
  - component: {fileID: 1749493950}
  - component: {fileID: 1749493954}
  - component: {fileID: 1749493953}
  - component: {fileID: 1749493952}
  - component: {fileID: 1749493951}
  - component: {fileID: 1749493955}
  m_Layer: 0
  m_Name: Timer
  m_TagString: Untagged
  m_Icon: {fileID: 0}
  m_NavMeshLayer: 0
  m_StaticEditorFlags: 0
  m_IsActive: 1
--- !u!224 &1749493950
RectTransform:
  m_ObjectHideFlags: 0
  m_PrefabParentObject: {fileID: 0}
  m_PrefabInternal: {fileID: 0}
  m_GameObject: {fileID: 1749493949}
  m_LocalRotation: {x: -0.0000000102445465, y: 0.7461156, z: -0.0000000018626448,
    w: -0.6658165}
  m_LocalPosition: {x: 0, y: 0, z: 0.016}
  m_LocalScale: {x: 0.089961834, y: 0.10500208, z: 1}
  m_Children: []
  m_Father: {fileID: 504177941}
  m_RootOrder: 1
  m_LocalEulerAnglesHint: {x: 0, y: 0, z: 0}
  m_AnchorMin: {x: 0.5, y: 0.5}
  m_AnchorMax: {x: 0.5, y: 0.5}
  m_AnchoredPosition: {x: 0.278, y: 0.066}
  m_SizeDelta: {x: 9.861, y: 2.465}
  m_Pivot: {x: 0.5, y: 0.5}
--- !u!114 &1749493951
MonoBehaviour:
  m_ObjectHideFlags: 0
  m_PrefabParentObject: {fileID: 0}
  m_PrefabInternal: {fileID: 0}
  m_GameObject: {fileID: 1749493949}
  m_Enabled: 1
  m_EditorHideFlags: 0
  m_Script: {fileID: -806885394, guid: 89f0137620f6af44b9ba852b4190e64e, type: 3}
  m_Name: 
  m_EditorClassIdentifier: 
  m_Material: {fileID: 0}
  m_Color: {r: 1, g: 1, b: 1, a: 1}
  m_RaycastTarget: 1
  m_OnCullStateChanged:
    m_PersistentCalls:
      m_Calls: []
    m_TypeName: UnityEngine.UI.MaskableGraphic+CullStateChangedEvent, UnityEngine.UI,
      Version=1.0.0.0, Culture=neutral, PublicKeyToken=null
  m_text: 00:00
  m_isRightToLeft: 0
  m_fontAsset: {fileID: 11400000, guid: 715b80e429c437e40867928a4e1fc975, type: 2}
  m_sharedMaterial: {fileID: 2180264, guid: 715b80e429c437e40867928a4e1fc975, type: 2}
  m_fontSharedMaterials: []
  m_fontMaterial: {fileID: 0}
  m_fontMaterials: []
  m_fontColor32:
    serializedVersion: 2
    rgba: 4279374354
  m_fontColor: {r: 0.07352942, g: 0.07352942, b: 0.07352942, a: 1}
  m_enableVertexGradient: 0
  m_fontColorGradient:
    topLeft: {r: 1, g: 1, b: 1, a: 1}
    topRight: {r: 1, g: 1, b: 1, a: 1}
    bottomLeft: {r: 1, g: 1, b: 1, a: 1}
    bottomRight: {r: 1, g: 1, b: 1, a: 1}
  m_fontColorGradientPreset: {fileID: 0}
  m_spriteAsset: {fileID: 0}
  m_tintAllSprites: 0
  m_overrideHtmlColors: 0
  m_faceColor:
    serializedVersion: 2
    rgba: 4294967295
  m_outlineColor:
    serializedVersion: 2
    rgba: 4278190080
  m_fontSize: 18
  m_fontSizeBase: 18
  m_fontWeight: 400
  m_enableAutoSizing: 0
  m_fontSizeMin: 18
  m_fontSizeMax: 72
  m_fontStyle: 0
  m_textAlignment: 514
  m_isAlignmentEnumConverted: 1
  m_characterSpacing: 0
  m_wordSpacing: 0
  m_lineSpacing: 0
  m_lineSpacingMax: 0
  m_paragraphSpacing: 0
  m_charWidthMaxAdj: 0
  m_enableWordWrapping: 1
  m_wordWrappingRatios: 0.4
  m_overflowMode: 0
  m_firstOverflowCharacterIndex: -1
  m_linkedTextComponent: {fileID: 0}
  m_isLinkedTextComponent: 0
  m_enableKerning: 1
  m_enableExtraPadding: 0
  checkPaddingRequired: 0
  m_isRichText: 1
  m_parseCtrlCharacters: 1
  m_isOrthographic: 0
  m_isCullingEnabled: 0
  m_ignoreRectMaskCulling: 0
  m_ignoreCulling: 1
  m_horizontalMapping: 0
  m_verticalMapping: 0
  m_uvLineOffset: 0
  m_geometrySortingOrder: 0
  m_firstVisibleCharacter: 0
  m_useMaxVisibleDescender: 1
  m_pageToDisplay: 1
  m_margin: {x: 0, y: 0, z: 0, w: 0}
  m_textInfo:
    textComponent: {fileID: 1749493951}
    characterCount: 5
    spriteCount: 0
    spaceCount: 0
    wordCount: 2
    linkCount: 0
    lineCount: 1
    pageCount: 1
    materialCount: 1
  m_havePropertiesChanged: 0
  m_isUsingLegacyAnimationComponent: 0
  m_isVolumetricText: 0
  m_spriteAnimator: {fileID: 0}
  m_isInputParsingRequired: 0
  m_inputSource: 0
  m_hasFontAssetChanged: 0
  m_renderer: {fileID: 1749493953}
  m_subTextObjects:
  - {fileID: 0}
  - {fileID: 0}
  - {fileID: 0}
  - {fileID: 0}
  - {fileID: 0}
  - {fileID: 0}
  - {fileID: 0}
  - {fileID: 0}
  m_maskType: 0
--- !u!222 &1749493952
CanvasRenderer:
  m_ObjectHideFlags: 2
  m_PrefabParentObject: {fileID: 0}
  m_PrefabInternal: {fileID: 0}
  m_GameObject: {fileID: 1749493949}
--- !u!23 &1749493953
MeshRenderer:
  m_ObjectHideFlags: 0
  m_PrefabParentObject: {fileID: 0}
  m_PrefabInternal: {fileID: 0}
  m_GameObject: {fileID: 1749493949}
  m_Enabled: 1
  m_CastShadows: 0
  m_ReceiveShadows: 0
  m_MotionVectors: 1
  m_LightProbeUsage: 1
  m_ReflectionProbeUsage: 1
  m_Materials:
  - {fileID: 2180264, guid: 715b80e429c437e40867928a4e1fc975, type: 2}
  m_StaticBatchInfo:
    firstSubMesh: 0
    subMeshCount: 0
  m_StaticBatchRoot: {fileID: 0}
  m_ProbeAnchor: {fileID: 0}
  m_LightProbeVolumeOverride: {fileID: 0}
  m_ScaleInLightmap: 1
  m_PreserveUVs: 0
  m_IgnoreNormalsForChartDetection: 0
  m_ImportantGI: 0
  m_SelectedEditorRenderState: 3
  m_MinimumChartSize: 4
  m_AutoUVMaxDistance: 0.5
  m_AutoUVMaxAngle: 89
  m_LightmapParameters: {fileID: 0}
  m_SortingLayerID: 0
  m_SortingLayer: 0
  m_SortingOrder: 0
--- !u!33 &1749493954
MeshFilter:
  m_ObjectHideFlags: 2
  m_PrefabParentObject: {fileID: 0}
  m_PrefabInternal: {fileID: 0}
  m_GameObject: {fileID: 1749493949}
  m_Mesh: {fileID: 0}
--- !u!114 &1749493955
MonoBehaviour:
  m_ObjectHideFlags: 0
  m_PrefabParentObject: {fileID: 0}
  m_PrefabInternal: {fileID: 0}
  m_GameObject: {fileID: 1749493949}
  m_Enabled: 1
  m_EditorHideFlags: 0
  m_Script: {fileID: 11500000, guid: 44abc3490f575254b9a9b6b57625f4e0, type: 3}
  m_Name: 
  m_EditorClassIdentifier: 
  timerText: {fileID: 1749493951}
  keywordInvoker: {fileID: 321857850}
--- !u!1 &1781556952 stripped
GameObject:
  m_PrefabParentObject: {fileID: 1746124848533058, guid: b8d27214f7d061f48a28d892852364b5,
    type: 2}
  m_PrefabInternal: {fileID: 2069293559}
--- !u!1001 &1860816868
Prefab:
  m_ObjectHideFlags: 0
  serializedVersion: 2
  m_Modification:
    m_TransformParent: {fileID: 0}
    m_Modifications:
    - target: {fileID: 4000012531075890, guid: 83aae98f19433bf44bb2613869ec2b6c, type: 2}
      propertyPath: m_LocalPosition.x
      value: -4.51
      objectReference: {fileID: 0}
    - target: {fileID: 4000012531075890, guid: 83aae98f19433bf44bb2613869ec2b6c, type: 2}
      propertyPath: m_LocalPosition.y
      value: -0.16327462
      objectReference: {fileID: 0}
    - target: {fileID: 4000012531075890, guid: 83aae98f19433bf44bb2613869ec2b6c, type: 2}
      propertyPath: m_LocalPosition.z
      value: 0.321
      objectReference: {fileID: 0}
    - target: {fileID: 4000012531075890, guid: 83aae98f19433bf44bb2613869ec2b6c, type: 2}
      propertyPath: m_LocalRotation.x
      value: 0.5
      objectReference: {fileID: 0}
    - target: {fileID: 4000012531075890, guid: 83aae98f19433bf44bb2613869ec2b6c, type: 2}
      propertyPath: m_LocalRotation.y
      value: -0.5
      objectReference: {fileID: 0}
    - target: {fileID: 4000012531075890, guid: 83aae98f19433bf44bb2613869ec2b6c, type: 2}
      propertyPath: m_LocalRotation.z
      value: -0.5
      objectReference: {fileID: 0}
    - target: {fileID: 4000012531075890, guid: 83aae98f19433bf44bb2613869ec2b6c, type: 2}
      propertyPath: m_LocalRotation.w
      value: -0.5
      objectReference: {fileID: 0}
    - target: {fileID: 4000012531075890, guid: 83aae98f19433bf44bb2613869ec2b6c, type: 2}
      propertyPath: m_RootOrder
      value: 1
      objectReference: {fileID: 0}
    - target: {fileID: 4000012531075890, guid: 83aae98f19433bf44bb2613869ec2b6c, type: 2}
      propertyPath: m_LocalEulerAnglesHint.x
      value: 270
      objectReference: {fileID: 0}
    - target: {fileID: 4000012531075890, guid: 83aae98f19433bf44bb2613869ec2b6c, type: 2}
      propertyPath: m_LocalEulerAnglesHint.y
      value: 90
      objectReference: {fileID: 0}
    m_RemovedComponents: []
  m_ParentPrefab: {fileID: 100100000, guid: 83aae98f19433bf44bb2613869ec2b6c, type: 2}
  m_IsPrefabParent: 0
--- !u!1 &1860816869 stripped
GameObject:
  m_PrefabParentObject: {fileID: 1000010113653518, guid: 83aae98f19433bf44bb2613869ec2b6c,
    type: 2}
  m_PrefabInternal: {fileID: 1860816868}
--- !u!64 &1860816870
MeshCollider:
  m_ObjectHideFlags: 0
  m_PrefabParentObject: {fileID: 0}
  m_PrefabInternal: {fileID: 0}
  m_GameObject: {fileID: 1860816869}
  m_Material: {fileID: 0}
  m_IsTrigger: 0
  m_Enabled: 1
  serializedVersion: 2
  m_Convex: 0
  m_InflateMesh: 0
  m_SkinWidth: 0.01
  m_Mesh: {fileID: 4300000, guid: 91b21410e82326c41829a7cd5ef7ffae, type: 3}
--- !u!1 &1864860725
GameObject:
  m_ObjectHideFlags: 0
  m_PrefabParentObject: {fileID: 0}
  m_PrefabInternal: {fileID: 0}
  serializedVersion: 5
  m_Component:
  - component: {fileID: 1864860726}
  - component: {fileID: 1864860730}
  - component: {fileID: 1864860729}
  - component: {fileID: 1864860728}
  - component: {fileID: 1864860727}
  m_Layer: 0
  m_Name: Camera
  m_TagString: Untagged
  m_Icon: {fileID: 0}
  m_NavMeshLayer: 0
  m_StaticEditorFlags: 0
  m_IsActive: 1
--- !u!4 &1864860726
Transform:
  m_ObjectHideFlags: 0
  m_PrefabParentObject: {fileID: 0}
  m_PrefabInternal: {fileID: 0}
  m_GameObject: {fileID: 1864860725}
  m_LocalRotation: {x: -0, y: 0.48196402, z: -0, w: 0.876191}
  m_LocalPosition: {x: -10.101237, y: 12.06, z: -6.4036393}
  m_LocalScale: {x: 1, y: 1, z: 1}
  m_Children: []
  m_Father: {fileID: 1144810870}
  m_RootOrder: 0
  m_LocalEulerAnglesHint: {x: 0, y: 0, z: 0}
--- !u!81 &1864860727
AudioListener:
  m_ObjectHideFlags: 0
  m_PrefabParentObject: {fileID: 0}
  m_PrefabInternal: {fileID: 0}
  m_GameObject: {fileID: 1864860725}
  m_Enabled: 1
--- !u!92 &1864860728
Behaviour:
  m_ObjectHideFlags: 0
  m_PrefabParentObject: {fileID: 0}
  m_PrefabInternal: {fileID: 0}
  m_GameObject: {fileID: 1864860725}
  m_Enabled: 1
--- !u!124 &1864860729
Behaviour:
  m_ObjectHideFlags: 0
  m_PrefabParentObject: {fileID: 0}
  m_PrefabInternal: {fileID: 0}
  m_GameObject: {fileID: 1864860725}
  m_Enabled: 1
--- !u!20 &1864860730
Camera:
  m_ObjectHideFlags: 0
  m_PrefabParentObject: {fileID: 0}
  m_PrefabInternal: {fileID: 0}
  m_GameObject: {fileID: 1864860725}
  m_Enabled: 1
  serializedVersion: 2
  m_ClearFlags: 1
  m_BackGroundColor: {r: 0.19215687, g: 0.3019608, b: 0.4745098, a: 0}
  m_NormalizedViewPortRect:
    serializedVersion: 2
    x: 0
    y: 0
    width: 1
    height: 1
  near clip plane: 0.3
  far clip plane: 1000
  field of view: 60
  orthographic: 0
  orthographic size: 5
  m_Depth: 0
  m_CullingMask:
    serializedVersion: 2
    m_Bits: 4294967295
  m_RenderingPath: -1
  m_TargetTexture: {fileID: 8400000, guid: 973de30f399ae33419b4237e9df8dc44, type: 2}
  m_TargetDisplay: 0
  m_TargetEye: 3
  m_HDR: 1
  m_AllowMSAA: 1
  m_ForceIntoRT: 0
  m_OcclusionCulling: 1
  m_StereoConvergence: 10
  m_StereoSeparation: 0.022
  m_StereoMirrorMode: 0
--- !u!1 &1995303216
GameObject:
  m_ObjectHideFlags: 0
  m_PrefabParentObject: {fileID: 0}
  m_PrefabInternal: {fileID: 0}
  serializedVersion: 5
  m_Component:
  - component: {fileID: 1995303217}
  m_Layer: 0
  m_Name: StartingPosition1 (11)
  m_TagString: Untagged
  m_Icon: {fileID: 0}
  m_NavMeshLayer: 0
  m_StaticEditorFlags: 0
  m_IsActive: 1
--- !u!4 &1995303217
Transform:
  m_ObjectHideFlags: 0
  m_PrefabParentObject: {fileID: 0}
  m_PrefabInternal: {fileID: 0}
  m_GameObject: {fileID: 1995303216}
  m_LocalRotation: {x: -0, y: 0.7071068, z: -0, w: 0.7071068}
  m_LocalPosition: {x: -9.77, y: 1.1, z: 3.61}
  m_LocalScale: {x: 1.0000005, y: 1, z: 1.0000005}
  m_Children: []
  m_Father: {fileID: 2034005798}
  m_RootOrder: 13
  m_LocalEulerAnglesHint: {x: 0, y: 90, z: 0}
--- !u!1 &2034005797
GameObject:
  m_ObjectHideFlags: 0
  m_PrefabParentObject: {fileID: 0}
  m_PrefabInternal: {fileID: 0}
  serializedVersion: 5
  m_Component:
  - component: {fileID: 2034005798}
  m_Layer: 0
  m_Name: Hidden Objects
  m_TagString: Untagged
  m_Icon: {fileID: 0}
  m_NavMeshLayer: 0
  m_StaticEditorFlags: 0
  m_IsActive: 1
--- !u!4 &2034005798
Transform:
  m_ObjectHideFlags: 0
  m_PrefabParentObject: {fileID: 0}
  m_PrefabInternal: {fileID: 0}
  m_GameObject: {fileID: 2034005797}
  m_LocalRotation: {x: 0, y: 0, z: 0, w: 1}
  m_LocalPosition: {x: -6.166891, y: 1.8295501, z: 0.7302141}
  m_LocalScale: {x: 1, y: 1, z: 1}
  m_Children:
  - {fileID: 396790034}
  - {fileID: 695288957}
  - {fileID: 92281635}
  - {fileID: 467292936}
  - {fileID: 968353933}
  - {fileID: 1495520949}
  - {fileID: 1400060584}
  - {fileID: 777098207}
  - {fileID: 893041102}
  - {fileID: 1266168898}
  - {fileID: 1388704577}
  - {fileID: 59968633}
  - {fileID: 700113116}
  - {fileID: 1995303217}
  - {fileID: 1111648435}
  m_Father: {fileID: 0}
  m_RootOrder: 12
  m_LocalEulerAnglesHint: {x: 0, y: 0, z: 0}
--- !u!1 &2057778505
GameObject:
  m_ObjectHideFlags: 0
  m_PrefabParentObject: {fileID: 0}
  m_PrefabInternal: {fileID: 0}
  serializedVersion: 5
  m_Component:
  - component: {fileID: 2057778506}
  m_Layer: 0
  m_Name: Room
  m_TagString: Untagged
  m_Icon: {fileID: 0}
  m_NavMeshLayer: 0
  m_StaticEditorFlags: 0
  m_IsActive: 1
--- !u!4 &2057778506
Transform:
  m_ObjectHideFlags: 0
  m_PrefabParentObject: {fileID: 0}
  m_PrefabInternal: {fileID: 0}
  m_GameObject: {fileID: 2057778505}
  m_LocalRotation: {x: 0, y: 0, z: 0, w: 1}
  m_LocalPosition: {x: -9.995906, y: 1.8766547, z: -1.189717}
  m_LocalScale: {x: 1, y: 1, z: 1}
  m_Children:
  - {fileID: 1208601645}
  m_Father: {fileID: 0}
  m_RootOrder: 6
  m_LocalEulerAnglesHint: {x: 0, y: 0, z: 0}
--- !u!1001 &2059930200
Prefab:
  m_ObjectHideFlags: 0
  serializedVersion: 2
  m_Modification:
    m_TransformParent: {fileID: 0}
    m_Modifications:
    - target: {fileID: 4142854332360004, guid: 4790fea8d0edb354297f305396bf95cb, type: 2}
      propertyPath: m_LocalPosition.x
      value: -4.328
      objectReference: {fileID: 0}
    - target: {fileID: 4142854332360004, guid: 4790fea8d0edb354297f305396bf95cb, type: 2}
      propertyPath: m_LocalPosition.y
      value: 0.84
      objectReference: {fileID: 0}
    - target: {fileID: 4142854332360004, guid: 4790fea8d0edb354297f305396bf95cb, type: 2}
      propertyPath: m_LocalPosition.z
      value: 2.382
      objectReference: {fileID: 0}
    - target: {fileID: 4142854332360004, guid: 4790fea8d0edb354297f305396bf95cb, type: 2}
      propertyPath: m_LocalRotation.x
      value: 0.043474156
      objectReference: {fileID: 0}
    - target: {fileID: 4142854332360004, guid: 4790fea8d0edb354297f305396bf95cb, type: 2}
      propertyPath: m_LocalRotation.y
      value: 0.3227746
      objectReference: {fileID: 0}
    - target: {fileID: 4142854332360004, guid: 4790fea8d0edb354297f305396bf95cb, type: 2}
      propertyPath: m_LocalRotation.z
      value: 0.12620562
      objectReference: {fileID: 0}
    - target: {fileID: 4142854332360004, guid: 4790fea8d0edb354297f305396bf95cb, type: 2}
      propertyPath: m_LocalRotation.w
      value: 0.9370159
      objectReference: {fileID: 0}
    - target: {fileID: 4142854332360004, guid: 4790fea8d0edb354297f305396bf95cb, type: 2}
      propertyPath: m_RootOrder
      value: 10
      objectReference: {fileID: 0}
    - target: {fileID: 1724688882592612, guid: 4790fea8d0edb354297f305396bf95cb, type: 2}
      propertyPath: m_Name
      value: SmallScreen
      objectReference: {fileID: 0}
    - target: {fileID: 4142854332360004, guid: 4790fea8d0edb354297f305396bf95cb, type: 2}
      propertyPath: m_LocalEulerAnglesHint.y
      value: 38.015003
      objectReference: {fileID: 0}
    - target: {fileID: 4142854332360004, guid: 4790fea8d0edb354297f305396bf95cb, type: 2}
      propertyPath: m_LocalScale.x
      value: 0.8372717
      objectReference: {fileID: 0}
    - target: {fileID: 4142854332360004, guid: 4790fea8d0edb354297f305396bf95cb, type: 2}
      propertyPath: m_LocalScale.y
      value: 0.8372717
      objectReference: {fileID: 0}
    - target: {fileID: 4142854332360004, guid: 4790fea8d0edb354297f305396bf95cb, type: 2}
      propertyPath: m_LocalScale.z
      value: 0.83727235
      objectReference: {fileID: 0}
    - target: {fileID: 4142854332360004, guid: 4790fea8d0edb354297f305396bf95cb, type: 2}
      propertyPath: m_LocalEulerAnglesHint.z
      value: 15.342001
      objectReference: {fileID: 0}
    - target: {fileID: 114379869714807356, guid: 4790fea8d0edb354297f305396bf95cb,
        type: 2}
      propertyPath: controllerEvents
      value: 
      objectReference: {fileID: 352682858}
    - target: {fileID: 114379869714807356, guid: 4790fea8d0edb354297f305396bf95cb,
        type: 2}
      propertyPath: rightControllerEvents
      value: 
      objectReference: {fileID: 352682858}
    - target: {fileID: 114379869714807356, guid: 4790fea8d0edb354297f305396bf95cb,
        type: 2}
      propertyPath: leftControllerEvents
      value: 
      objectReference: {fileID: 352682857}
    - target: {fileID: 114379869714807356, guid: 4790fea8d0edb354297f305396bf95cb,
        type: 2}
      propertyPath: smallScreenSpriteRenderer
      value: 
      objectReference: {fileID: 451768084}
    - target: {fileID: 114379869714807356, guid: 4790fea8d0edb354297f305396bf95cb,
        type: 2}
      propertyPath: bigScreenSpriteRenderer
      value: 
      objectReference: {fileID: 299584290}
    - target: {fileID: 4640791202011718, guid: 4790fea8d0edb354297f305396bf95cb, type: 2}
      propertyPath: m_LocalPosition.x
      value: 0.211
      objectReference: {fileID: 0}
    - target: {fileID: 4640791202011718, guid: 4790fea8d0edb354297f305396bf95cb, type: 2}
      propertyPath: m_LocalPosition.z
      value: 0.0211
      objectReference: {fileID: 0}
    - target: {fileID: 4640791202011718, guid: 4790fea8d0edb354297f305396bf95cb, type: 2}
      propertyPath: m_LocalScale.x
      value: 0.098467074
      objectReference: {fileID: 0}
    m_RemovedComponents: []
  m_ParentPrefab: {fileID: 100100000, guid: 4790fea8d0edb354297f305396bf95cb, type: 2}
  m_IsPrefabParent: 0
--- !u!1001 &2069293559
Prefab:
  m_ObjectHideFlags: 0
  serializedVersion: 2
  m_Modification:
    m_TransformParent: {fileID: 0}
    m_Modifications:
    - target: {fileID: 4075844770397786, guid: b8d27214f7d061f48a28d892852364b5, type: 2}
      propertyPath: m_LocalPosition.x
      value: 0
      objectReference: {fileID: 0}
    - target: {fileID: 4075844770397786, guid: b8d27214f7d061f48a28d892852364b5, type: 2}
      propertyPath: m_LocalPosition.y
      value: 0
      objectReference: {fileID: 0}
    - target: {fileID: 4075844770397786, guid: b8d27214f7d061f48a28d892852364b5, type: 2}
      propertyPath: m_LocalPosition.z
      value: 0
      objectReference: {fileID: 0}
    - target: {fileID: 4075844770397786, guid: b8d27214f7d061f48a28d892852364b5, type: 2}
      propertyPath: m_LocalRotation.x
      value: 0
      objectReference: {fileID: 0}
    - target: {fileID: 4075844770397786, guid: b8d27214f7d061f48a28d892852364b5, type: 2}
      propertyPath: m_LocalRotation.y
      value: 0
      objectReference: {fileID: 0}
    - target: {fileID: 4075844770397786, guid: b8d27214f7d061f48a28d892852364b5, type: 2}
      propertyPath: m_LocalRotation.z
      value: 0
      objectReference: {fileID: 0}
    - target: {fileID: 4075844770397786, guid: b8d27214f7d061f48a28d892852364b5, type: 2}
      propertyPath: m_LocalRotation.w
      value: 1
      objectReference: {fileID: 0}
    - target: {fileID: 4075844770397786, guid: b8d27214f7d061f48a28d892852364b5, type: 2}
      propertyPath: m_RootOrder
      value: 2
      objectReference: {fileID: 0}
    - target: {fileID: 114471451801243074, guid: b8d27214f7d061f48a28d892852364b5,
        type: 2}
      propertyPath: scriptAliasLeftController
      value: 
      objectReference: {fileID: 352682856}
    - target: {fileID: 114471451801243074, guid: b8d27214f7d061f48a28d892852364b5,
        type: 2}
      propertyPath: scriptAliasRightController
      value: 
      objectReference: {fileID: 352682855}
    - target: {fileID: 1302893826929854, guid: b8d27214f7d061f48a28d892852364b5, type: 2}
      propertyPath: m_Name
      value: '[VRTK_SDKManager] '
      objectReference: {fileID: 0}
    - target: {fileID: 224015357694430614, guid: b8d27214f7d061f48a28d892852364b5,
        type: 2}
      propertyPath: m_AnchorMin.y
      value: 1
      objectReference: {fileID: 0}
    - target: {fileID: 224015357694430614, guid: b8d27214f7d061f48a28d892852364b5,
        type: 2}
      propertyPath: m_AnchorMax.y
      value: 1
      objectReference: {fileID: 0}
    - target: {fileID: 224015357694430614, guid: b8d27214f7d061f48a28d892852364b5,
        type: 2}
      propertyPath: m_AnchoredPosition.x
      value: 62
      objectReference: {fileID: 0}
    - target: {fileID: 224015357694430614, guid: b8d27214f7d061f48a28d892852364b5,
        type: 2}
      propertyPath: m_AnchoredPosition.y
      value: 0
      objectReference: {fileID: 0}
    - target: {fileID: 224015357694430614, guid: b8d27214f7d061f48a28d892852364b5,
        type: 2}
      propertyPath: m_SizeDelta.x
      value: 114
      objectReference: {fileID: 0}
    - target: {fileID: 224015357694430614, guid: b8d27214f7d061f48a28d892852364b5,
        type: 2}
      propertyPath: m_SizeDelta.y
      value: 0
      objectReference: {fileID: 0}
    - target: {fileID: 224997582677671978, guid: b8d27214f7d061f48a28d892852364b5,
        type: 2}
      propertyPath: m_AnchorMin.y
      value: 1
      objectReference: {fileID: 0}
    - target: {fileID: 224997582677671978, guid: b8d27214f7d061f48a28d892852364b5,
        type: 2}
      propertyPath: m_AnchorMax.y
      value: 1
      objectReference: {fileID: 0}
    - target: {fileID: 224997582677671978, guid: b8d27214f7d061f48a28d892852364b5,
        type: 2}
      propertyPath: m_AnchoredPosition.x
      value: 62
      objectReference: {fileID: 0}
    - target: {fileID: 224997582677671978, guid: b8d27214f7d061f48a28d892852364b5,
        type: 2}
      propertyPath: m_AnchoredPosition.y
      value: 0
      objectReference: {fileID: 0}
    - target: {fileID: 224997582677671978, guid: b8d27214f7d061f48a28d892852364b5,
        type: 2}
      propertyPath: m_SizeDelta.x
      value: 121
      objectReference: {fileID: 0}
    - target: {fileID: 224997582677671978, guid: b8d27214f7d061f48a28d892852364b5,
        type: 2}
      propertyPath: m_SizeDelta.y
      value: 0
      objectReference: {fileID: 0}
    - target: {fileID: 224740474372125022, guid: b8d27214f7d061f48a28d892852364b5,
        type: 2}
      propertyPath: m_AnchorMin.y
      value: 1
      objectReference: {fileID: 0}
    - target: {fileID: 224740474372125022, guid: b8d27214f7d061f48a28d892852364b5,
        type: 2}
      propertyPath: m_AnchorMax.y
      value: 1
      objectReference: {fileID: 0}
    - target: {fileID: 224740474372125022, guid: b8d27214f7d061f48a28d892852364b5,
        type: 2}
      propertyPath: m_AnchoredPosition.x
      value: 62
      objectReference: {fileID: 0}
    - target: {fileID: 224740474372125022, guid: b8d27214f7d061f48a28d892852364b5,
        type: 2}
      propertyPath: m_AnchoredPosition.y
      value: 0
      objectReference: {fileID: 0}
    - target: {fileID: 224740474372125022, guid: b8d27214f7d061f48a28d892852364b5,
        type: 2}
      propertyPath: m_SizeDelta.x
      value: 124
      objectReference: {fileID: 0}
    - target: {fileID: 224740474372125022, guid: b8d27214f7d061f48a28d892852364b5,
        type: 2}
      propertyPath: m_SizeDelta.y
      value: 0
      objectReference: {fileID: 0}
    - target: {fileID: 224022425249743036, guid: b8d27214f7d061f48a28d892852364b5,
        type: 2}
      propertyPath: m_AnchorMin.y
      value: 1
      objectReference: {fileID: 0}
    - target: {fileID: 224022425249743036, guid: b8d27214f7d061f48a28d892852364b5,
        type: 2}
      propertyPath: m_AnchorMax.y
      value: 1
      objectReference: {fileID: 0}
    - target: {fileID: 224022425249743036, guid: b8d27214f7d061f48a28d892852364b5,
        type: 2}
      propertyPath: m_AnchoredPosition.x
      value: 66
      objectReference: {fileID: 0}
    - target: {fileID: 224022425249743036, guid: b8d27214f7d061f48a28d892852364b5,
        type: 2}
      propertyPath: m_AnchoredPosition.y
      value: 0
      objectReference: {fileID: 0}
    - target: {fileID: 224022425249743036, guid: b8d27214f7d061f48a28d892852364b5,
        type: 2}
      propertyPath: m_SizeDelta.x
      value: 44
      objectReference: {fileID: 0}
    - target: {fileID: 224022425249743036, guid: b8d27214f7d061f48a28d892852364b5,
        type: 2}
      propertyPath: m_SizeDelta.y
      value: 0
      objectReference: {fileID: 0}
    - target: {fileID: 224579687395583310, guid: b8d27214f7d061f48a28d892852364b5,
        type: 2}
      propertyPath: m_AnchorMin.y
      value: 1
      objectReference: {fileID: 0}
    - target: {fileID: 224579687395583310, guid: b8d27214f7d061f48a28d892852364b5,
        type: 2}
      propertyPath: m_AnchorMax.y
      value: 1
      objectReference: {fileID: 0}
    - target: {fileID: 224579687395583310, guid: b8d27214f7d061f48a28d892852364b5,
        type: 2}
      propertyPath: m_AnchoredPosition.x
      value: 66
      objectReference: {fileID: 0}
    - target: {fileID: 224579687395583310, guid: b8d27214f7d061f48a28d892852364b5,
        type: 2}
      propertyPath: m_AnchoredPosition.y
      value: 0
      objectReference: {fileID: 0}
    - target: {fileID: 224579687395583310, guid: b8d27214f7d061f48a28d892852364b5,
        type: 2}
      propertyPath: m_SizeDelta.x
      value: 121
      objectReference: {fileID: 0}
    - target: {fileID: 224579687395583310, guid: b8d27214f7d061f48a28d892852364b5,
        type: 2}
      propertyPath: m_SizeDelta.y
      value: 0
      objectReference: {fileID: 0}
    - target: {fileID: 224946766233641904, guid: b8d27214f7d061f48a28d892852364b5,
        type: 2}
      propertyPath: m_AnchorMin.y
      value: 1
      objectReference: {fileID: 0}
    - target: {fileID: 224946766233641904, guid: b8d27214f7d061f48a28d892852364b5,
        type: 2}
      propertyPath: m_AnchorMax.y
      value: 1
      objectReference: {fileID: 0}
    - target: {fileID: 224946766233641904, guid: b8d27214f7d061f48a28d892852364b5,
        type: 2}
      propertyPath: m_AnchoredPosition.x
      value: 66
      objectReference: {fileID: 0}
    - target: {fileID: 224946766233641904, guid: b8d27214f7d061f48a28d892852364b5,
        type: 2}
      propertyPath: m_AnchoredPosition.y
      value: 0
      objectReference: {fileID: 0}
    - target: {fileID: 224946766233641904, guid: b8d27214f7d061f48a28d892852364b5,
        type: 2}
      propertyPath: m_SizeDelta.x
      value: 132
      objectReference: {fileID: 0}
    - target: {fileID: 224946766233641904, guid: b8d27214f7d061f48a28d892852364b5,
        type: 2}
      propertyPath: m_SizeDelta.y
      value: 0
      objectReference: {fileID: 0}
    - target: {fileID: 224468357413775338, guid: b8d27214f7d061f48a28d892852364b5,
        type: 2}
      propertyPath: m_AnchorMin.y
      value: 1
      objectReference: {fileID: 0}
    - target: {fileID: 224468357413775338, guid: b8d27214f7d061f48a28d892852364b5,
        type: 2}
      propertyPath: m_AnchorMax.y
      value: 1
      objectReference: {fileID: 0}
    - target: {fileID: 224468357413775338, guid: b8d27214f7d061f48a28d892852364b5,
        type: 2}
      propertyPath: m_AnchoredPosition.x
      value: 66
      objectReference: {fileID: 0}
    - target: {fileID: 224468357413775338, guid: b8d27214f7d061f48a28d892852364b5,
        type: 2}
      propertyPath: m_AnchoredPosition.y
      value: 0
      objectReference: {fileID: 0}
    - target: {fileID: 224468357413775338, guid: b8d27214f7d061f48a28d892852364b5,
        type: 2}
      propertyPath: m_SizeDelta.x
      value: 132
      objectReference: {fileID: 0}
    - target: {fileID: 224468357413775338, guid: b8d27214f7d061f48a28d892852364b5,
        type: 2}
      propertyPath: m_SizeDelta.y
      value: 0
      objectReference: {fileID: 0}
    - target: {fileID: 224446048677029444, guid: b8d27214f7d061f48a28d892852364b5,
        type: 2}
      propertyPath: m_AnchorMin.y
      value: 1
      objectReference: {fileID: 0}
    - target: {fileID: 224446048677029444, guid: b8d27214f7d061f48a28d892852364b5,
        type: 2}
      propertyPath: m_AnchorMax.y
      value: 1
      objectReference: {fileID: 0}
    - target: {fileID: 224446048677029444, guid: b8d27214f7d061f48a28d892852364b5,
        type: 2}
      propertyPath: m_AnchoredPosition.x
      value: 66
      objectReference: {fileID: 0}
    - target: {fileID: 224446048677029444, guid: b8d27214f7d061f48a28d892852364b5,
        type: 2}
      propertyPath: m_AnchoredPosition.y
      value: 0
      objectReference: {fileID: 0}
    - target: {fileID: 224446048677029444, guid: b8d27214f7d061f48a28d892852364b5,
        type: 2}
      propertyPath: m_SizeDelta.x
      value: 132
      objectReference: {fileID: 0}
    - target: {fileID: 224446048677029444, guid: b8d27214f7d061f48a28d892852364b5,
        type: 2}
      propertyPath: m_SizeDelta.y
      value: 0
      objectReference: {fileID: 0}
    - target: {fileID: 224294979052497102, guid: b8d27214f7d061f48a28d892852364b5,
        type: 2}
      propertyPath: m_AnchorMin.y
      value: 1
      objectReference: {fileID: 0}
    - target: {fileID: 224294979052497102, guid: b8d27214f7d061f48a28d892852364b5,
        type: 2}
      propertyPath: m_AnchorMax.y
      value: 1
      objectReference: {fileID: 0}
    - target: {fileID: 224294979052497102, guid: b8d27214f7d061f48a28d892852364b5,
        type: 2}
      propertyPath: m_AnchoredPosition.x
      value: 71
      objectReference: {fileID: 0}
    - target: {fileID: 224294979052497102, guid: b8d27214f7d061f48a28d892852364b5,
        type: 2}
      propertyPath: m_AnchoredPosition.y
      value: 0
      objectReference: {fileID: 0}
    - target: {fileID: 224294979052497102, guid: b8d27214f7d061f48a28d892852364b5,
        type: 2}
      propertyPath: m_SizeDelta.x
      value: 124
      objectReference: {fileID: 0}
    - target: {fileID: 224294979052497102, guid: b8d27214f7d061f48a28d892852364b5,
        type: 2}
      propertyPath: m_SizeDelta.y
      value: 0
      objectReference: {fileID: 0}
    - target: {fileID: 224642943239043620, guid: b8d27214f7d061f48a28d892852364b5,
        type: 2}
      propertyPath: m_AnchorMin.y
      value: 1
      objectReference: {fileID: 0}
    - target: {fileID: 224642943239043620, guid: b8d27214f7d061f48a28d892852364b5,
        type: 2}
      propertyPath: m_AnchorMax.y
      value: 1
      objectReference: {fileID: 0}
    - target: {fileID: 224642943239043620, guid: b8d27214f7d061f48a28d892852364b5,
        type: 2}
      propertyPath: m_AnchoredPosition.x
      value: 71
      objectReference: {fileID: 0}
    - target: {fileID: 224642943239043620, guid: b8d27214f7d061f48a28d892852364b5,
        type: 2}
      propertyPath: m_AnchoredPosition.y
      value: 0
      objectReference: {fileID: 0}
    - target: {fileID: 224642943239043620, guid: b8d27214f7d061f48a28d892852364b5,
        type: 2}
      propertyPath: m_SizeDelta.x
      value: 132
      objectReference: {fileID: 0}
    - target: {fileID: 224642943239043620, guid: b8d27214f7d061f48a28d892852364b5,
        type: 2}
      propertyPath: m_SizeDelta.y
      value: 0
      objectReference: {fileID: 0}
    - target: {fileID: 224710923233307976, guid: b8d27214f7d061f48a28d892852364b5,
        type: 2}
      propertyPath: m_AnchorMin.y
      value: 1
      objectReference: {fileID: 0}
    - target: {fileID: 224710923233307976, guid: b8d27214f7d061f48a28d892852364b5,
        type: 2}
      propertyPath: m_AnchorMax.y
      value: 1
      objectReference: {fileID: 0}
    - target: {fileID: 224710923233307976, guid: b8d27214f7d061f48a28d892852364b5,
        type: 2}
      propertyPath: m_AnchoredPosition.x
      value: 924
      objectReference: {fileID: 0}
    - target: {fileID: 224710923233307976, guid: b8d27214f7d061f48a28d892852364b5,
        type: 2}
      propertyPath: m_AnchoredPosition.y
      value: 0
      objectReference: {fileID: 0}
    - target: {fileID: 224710923233307976, guid: b8d27214f7d061f48a28d892852364b5,
        type: 2}
      propertyPath: m_SizeDelta.x
      value: 142
      objectReference: {fileID: 0}
    - target: {fileID: 224710923233307976, guid: b8d27214f7d061f48a28d892852364b5,
        type: 2}
      propertyPath: m_SizeDelta.y
      value: 0
      objectReference: {fileID: 0}
    - target: {fileID: 4860857416133784, guid: b8d27214f7d061f48a28d892852364b5, type: 2}
      propertyPath: m_LocalPosition.x
      value: -2.33
      objectReference: {fileID: 0}
    - target: {fileID: 4860857416133784, guid: b8d27214f7d061f48a28d892852364b5, type: 2}
      propertyPath: m_LocalPosition.y
      value: 1.269
      objectReference: {fileID: 0}
    - target: {fileID: 20833085793916866, guid: b8d27214f7d061f48a28d892852364b5,
        type: 2}
      propertyPath: m_CullingMask.m_Bits
      value: 4294967039
      objectReference: {fileID: 0}
    - target: {fileID: 4353844042775548, guid: b8d27214f7d061f48a28d892852364b5, type: 2}
      propertyPath: m_LocalPosition.y
      value: 0.495
      objectReference: {fileID: 0}
    - target: {fileID: 4353844042775548, guid: b8d27214f7d061f48a28d892852364b5, type: 2}
      propertyPath: m_LocalPosition.x
      value: -0.861
      objectReference: {fileID: 0}
    - target: {fileID: 4860857416133784, guid: b8d27214f7d061f48a28d892852364b5, type: 2}
      propertyPath: m_LocalPosition.z
      value: 0.65
      objectReference: {fileID: 0}
    - target: {fileID: 4860857416133784, guid: b8d27214f7d061f48a28d892852364b5, type: 2}
      propertyPath: m_LocalRotation.y
      value: 0.7071068
      objectReference: {fileID: 0}
    - target: {fileID: 4860857416133784, guid: b8d27214f7d061f48a28d892852364b5, type: 2}
      propertyPath: m_LocalRotation.w
      value: 0.7071068
      objectReference: {fileID: 0}
    - target: {fileID: 4860857416133784, guid: b8d27214f7d061f48a28d892852364b5, type: 2}
      propertyPath: m_LocalEulerAnglesHint.y
      value: 90
      objectReference: {fileID: 0}
    - target: {fileID: 4860857416133784, guid: b8d27214f7d061f48a28d892852364b5, type: 2}
      propertyPath: m_LocalRotation.x
      value: 0
      objectReference: {fileID: 0}
    - target: {fileID: 4860857416133784, guid: b8d27214f7d061f48a28d892852364b5, type: 2}
      propertyPath: m_LocalRotation.z
      value: 0
      objectReference: {fileID: 0}
    - target: {fileID: 20833085793916866, guid: b8d27214f7d061f48a28d892852364b5,
        type: 2}
      propertyPath: m_BackGroundColor.r
      value: 0
      objectReference: {fileID: 0}
    - target: {fileID: 20833085793916866, guid: b8d27214f7d061f48a28d892852364b5,
        type: 2}
      propertyPath: m_BackGroundColor.g
      value: 0
      objectReference: {fileID: 0}
    - target: {fileID: 20833085793916866, guid: b8d27214f7d061f48a28d892852364b5,
        type: 2}
      propertyPath: m_BackGroundColor.b
      value: 0
      objectReference: {fileID: 0}
    - target: {fileID: 20049292150683232, guid: b8d27214f7d061f48a28d892852364b5,
        type: 2}
      propertyPath: m_TargetTexture
      value: 
      objectReference: {fileID: 8400000, guid: ba8df3784759181498e8fa0bbff98a92, type: 2}
    - target: {fileID: 20728491652477004, guid: b8d27214f7d061f48a28d892852364b5,
        type: 2}
      propertyPath: m_TargetTexture
      value: 
      objectReference: {fileID: 0}
    - target: {fileID: 20049292150683232, guid: b8d27214f7d061f48a28d892852364b5,
        type: 2}
      propertyPath: m_BackGroundColor.r
      value: 0
      objectReference: {fileID: 0}
    - target: {fileID: 20049292150683232, guid: b8d27214f7d061f48a28d892852364b5,
        type: 2}
      propertyPath: m_BackGroundColor.g
      value: 0
      objectReference: {fileID: 0}
    - target: {fileID: 20049292150683232, guid: b8d27214f7d061f48a28d892852364b5,
        type: 2}
      propertyPath: m_BackGroundColor.b
      value: 0
      objectReference: {fileID: 0}
    - target: {fileID: 114616752792616456, guid: b8d27214f7d061f48a28d892852364b5,
        type: 2}
      propertyPath: actualBoundaries
      value: 
      objectReference: {fileID: 1103477899}
    - target: {fileID: 114616752792616456, guid: b8d27214f7d061f48a28d892852364b5,
        type: 2}
      propertyPath: actualHeadset
      value: 
      objectReference: {fileID: 1781556952}
    - target: {fileID: 114616752792616456, guid: b8d27214f7d061f48a28d892852364b5,
        type: 2}
      propertyPath: actualLeftController
      value: 
      objectReference: {fileID: 123441892}
    - target: {fileID: 114616752792616456, guid: b8d27214f7d061f48a28d892852364b5,
        type: 2}
      propertyPath: actualRightController
      value: 
      objectReference: {fileID: 1744543905}
    - target: {fileID: 114616752792616456, guid: b8d27214f7d061f48a28d892852364b5,
        type: 2}
      propertyPath: modelAliasLeftController
      value: 
      objectReference: {fileID: 244583456}
    - target: {fileID: 114616752792616456, guid: b8d27214f7d061f48a28d892852364b5,
        type: 2}
      propertyPath: modelAliasRightController
      value: 
      objectReference: {fileID: 426505826}
    m_RemovedComponents: []
  m_ParentPrefab: {fileID: 100100000, guid: b8d27214f7d061f48a28d892852364b5, type: 2}
  m_IsPrefabParent: 0
--- !u!1 &2109929491
GameObject:
  m_ObjectHideFlags: 0
  m_PrefabParentObject: {fileID: 0}
  m_PrefabInternal: {fileID: 0}
  serializedVersion: 5
  m_Component:
  - component: {fileID: 2109929495}
  - component: {fileID: 2109929494}
  - component: {fileID: 2109929493}
  - component: {fileID: 2109929492}
  m_Layer: 0
  m_Name: Quad
  m_TagString: Untagged
  m_Icon: {fileID: 0}
  m_NavMeshLayer: 0
  m_StaticEditorFlags: 0
  m_IsActive: 1
--- !u!23 &2109929492
MeshRenderer:
  m_ObjectHideFlags: 0
  m_PrefabParentObject: {fileID: 0}
  m_PrefabInternal: {fileID: 0}
  m_GameObject: {fileID: 2109929491}
  m_Enabled: 1
  m_CastShadows: 1
  m_ReceiveShadows: 1
  m_MotionVectors: 1
  m_LightProbeUsage: 1
  m_ReflectionProbeUsage: 1
  m_Materials:
  - {fileID: 2100000, guid: 898cda5e20fa80c4e94320c10371761e, type: 2}
  m_StaticBatchInfo:
    firstSubMesh: 0
    subMeshCount: 0
  m_StaticBatchRoot: {fileID: 0}
  m_ProbeAnchor: {fileID: 0}
  m_LightProbeVolumeOverride: {fileID: 0}
  m_ScaleInLightmap: 1
  m_PreserveUVs: 1
  m_IgnoreNormalsForChartDetection: 0
  m_ImportantGI: 0
  m_SelectedEditorRenderState: 3
  m_MinimumChartSize: 4
  m_AutoUVMaxDistance: 0.5
  m_AutoUVMaxAngle: 89
  m_LightmapParameters: {fileID: 0}
  m_SortingLayerID: 0
  m_SortingLayer: 0
  m_SortingOrder: 0
--- !u!64 &2109929493
MeshCollider:
  m_ObjectHideFlags: 0
  m_PrefabParentObject: {fileID: 0}
  m_PrefabInternal: {fileID: 0}
  m_GameObject: {fileID: 2109929491}
  m_Material: {fileID: 0}
  m_IsTrigger: 0
  m_Enabled: 1
  serializedVersion: 2
  m_Convex: 0
  m_InflateMesh: 0
  m_SkinWidth: 0.01
  m_Mesh: {fileID: 10210, guid: 0000000000000000e000000000000000, type: 0}
--- !u!33 &2109929494
MeshFilter:
  m_ObjectHideFlags: 0
  m_PrefabParentObject: {fileID: 0}
  m_PrefabInternal: {fileID: 0}
  m_GameObject: {fileID: 2109929491}
  m_Mesh: {fileID: 10210, guid: 0000000000000000e000000000000000, type: 0}
--- !u!4 &2109929495
Transform:
  m_ObjectHideFlags: 0
  m_PrefabParentObject: {fileID: 0}
  m_PrefabInternal: {fileID: 0}
  m_GameObject: {fileID: 2109929491}
  m_LocalRotation: {x: 0, y: 0.7071068, z: -0, w: -0.7071068}
  m_LocalPosition: {x: -16.258802, y: 1.87, z: 1.2}
  m_LocalScale: {x: 16, y: 9, z: 1}
  m_Children: []
  m_Father: {fileID: 0}
  m_RootOrder: 8
  m_LocalEulerAnglesHint: {x: 0, y: 270, z: 0}
